@InProceedings{RSA:GarKia20,
  author =       "Juan A. Garay and
                  Aggelos Kiayias",
  title =        "{SoK}: {A} Consensus Taxonomy in the Blockchain Era",
  pages =        "284--318",
  booktitle =    rsa20name,
  volume =       rsa20vol,
  series =       mylncs,
  year =         2020,
}


@InProceedings{C:ACGJ18,
  author =       "Prabhanjan Ananth and
                  Arka Rai Choudhuri and
                  Aarushi Goel and
                  Abhishek Jain",
  title =        "Round-Optimal Secure Multiparty Computation with Honest Majority",
  pages =        "395--424",
  booktitle =    crypto18name2,
  volume =       crypto18vol2,
  series =       mylncs,
  year =         2018,
}
@InProceedings{TCC:AppBraTsa18,
  author =       "Benny Applebaum and
                  Zvika Brakerski and
                  Rotem Tsabary",
  title =        "Perfect Secure Computation in Two Rounds",
  pages =        "152--174",
  booktitle =    tcc18name1,
  volume =       tcc18vol1,
  series =       mylncs,
  year =         2018,
}
@InProceedings{EC:AJLTVW12,
  author =       "Gilad Asharov and
                  Abhishek Jain and
                  Adriana {L{\'o}pez-Alt} and
                  Eran Tromer and
                  Vinod Vaikuntanathan and
                  Daniel Wichs",
  title =        "Multiparty Computation with Low Communication, Computation and Interaction via Threshold {FHE}",
  pages =        "483--501",
  booktitle =    eurocrypt12name,
  volume =       eurocrypt12vol,
  series =       mylncs,
  year =         2012,
}
@InProceedings{C:Beaver95,
  author =       "Donald Beaver",
  title =        "Precomputing Oblivious Transfer",
  pages =        "97--109",
  booktitle =    crypto95name,
  volume =       crypto95vol,
  series =       mylncs,
  year =         1995,
}

@InProceedings{STOC:BenGolWig88,
  author =       "Michael {Ben-Or} and
                  Shafi Goldwasser and
                  Avi Wigderson",
  title =        "Completeness Theorems for Non-Cryptographic Fault-Tolerant Distributed Computation (Extended Abstract)",
  pages =        "1--10",
  booktitle =    stoc88name,
  year =         1988,
}
@InProceedings{EC:BenLin18,
  author =       "Fabrice Benhamouda and
                  Huijia Lin",
  title =        "k-Round Multiparty Computation from k-Round Oblivious Transfer via Garbled Interactive Circuits",
  pages =        "500--532",
  booktitle =    eurocrypt18name2,
  volume =       eurocrypt18vol2,
  series =       mylncs,
  year =         2018,
}
@InProceedings{TCC:BLPV18,
  author =       "Fabrice Benhamouda and
                  Huijia Lin and
                  Antigoni Polychroniadou and
                  Muthuramakrishnan Venkitasubramaniam",
  title =        "Two-Round Adaptively Secure Multiparty Computation from Standard Assumptions",
  pages =        "175--205",
  booktitle =    tcc18name1,
  volume =       tcc18vol1,
  series =       mylncs,
  year =         2018,
}

@InProceedings{EC:BoyGilIsh17,
  author =       "Elette Boyle and
                  Niv Gilboa and
                  Yuval Ishai",
  title =        "Group-Based Secure Computation: Optimizing Rounds, Communication, and Computation",
  pages =        "163--193",
  booktitle =    eurocrypt17name2,
  volume =       eurocrypt17vol2,
  series =       mylncs,
  year =         2017,
}
@InProceedings{FOCS:Canetti01,
  author =       "Ran Canetti",
  title =        "Universally Composable Security: A New Paradigm for Cryptographic Protocols",
  pages =        "136--145",
  booktitle =    focs01name,
  year =         2001,
}
@InProceedings{STOC:CanOst99,
  author =       "Ran Canetti and
                  Rafail Ostrovsky",
  title =        "Secure Computation with Honest-Looking Parties: What If Nobody Is Truly Honest? (Extended Abstract)",
  pages =        "255--264",
  booktitle =    stoc99name,
  year =         1999,
}
@InProceedings{PKC:CanPobVen17,
  author =       "Ran Canetti and
                  Oxana Poburinnaya and
                  Muthuramakrishnan Venkitasubramaniam",
  title =        "Better Two-Round Adaptive Multi-party Computation",
  pages =        "396--427",
  booktitle =    pkc17name2,
  volume =       pkc17vol2,
  series =       mylncs,
  year =         2017,
}
@Article{JC:LinPin09,
  author =       "Yehuda Lindell and
                  Benny Pinkas",
  title =        "A Proof of Security of {Yao}'s Protocol for Two-Party Computation",
  pages =        "161--188",
  volume =       22,
  month =        apr,
  publisher =    springer,
  year =         2009,
  journal =      jcrypto,
  number =       2,
}
@InProceedings{STOC:ChaCreDam88,
  author =       "David Chaum and
                  Claude Cr{\'e}peau and
                  Ivan Damg{\r a}rd",
  title =        "Multiparty Unconditionally Secure Protocols (Extended Abstract)",
  pages =        "11--19",
  booktitle =    stoc88name,
  publisher =    stocpub,
  year =         1988,
}

@InProceedings{STOC:Cleve86,
  author =       "Richard Cleve",
  title =        "Limits on the Security of Coin Flips when Half the Processors Are Faulty (Extended Abstract)",
  pages =        "364--369",
  booktitle =    stoc86name,
  year =         1986,
}
@InProceedings{FOCS:GKKO07,
  author =       "Juan A. Garay and
                  Jonathan Katz and
                  Chiu-Yuen Koo and
                  Rafail Ostrovsky",
  title =        "Round Complexity of Authenticated Broadcast with a Dishonest Majority",
  pages =        "658--668",
  booktitle =    focs07name,
  publisher =    focspub,
  year =         2007,
}
@InProceedings{TCC:GarPol15,
  author =       "Sanjam Garg and
                  Antigoni Polychroniadou",
  title =        "Two-Round Adaptively Secure {MPC} from Indistinguishability Obfuscation",
  pages =        "614--637",
  booktitle =    tcc15name2,
  volume =       tcc15vol2,
  year =         2015,
}
@InProceedings{EC:GarSri18a,
  author =       "Sanjam Garg and
                  Akshayaram Srinivasan",
  title =        "Two-Round Multiparty Secure Computation from Minimal Assumptions",
  pages =        "468--499",
  booktitle =    eurocrypt18name2,
  volume =       eurocrypt18vol2,
  publisher =    eurocryptpub,
  series =       mylncs,
  year =         2018,
}
@InProceedings{FOCS:GarSri17,
  author =       "Sanjam Garg and
                  Akshayaram Srinivasan",
  title =        "Garbled Protocols and Two-Round {MPC} from Bilinear Maps",
  pages =        "588--599",
  booktitle =    focs17name,
  publisher =    focspub,
  year =         2017,
}

@InProceedings{TCC:GGHR14,
  author =       "Sanjam Garg and
                  Craig Gentry and
                  Shai Halevi and
                  Mariana Raykova",
  title =        "Two-Round Secure {MPC} from Indistinguishability Obfuscation",
  pages =        "74--94",
  booktitle =    tcc14name,
  volume =       tcc14vol,
  publisher =    tccpub,
  series =       mylncs,
  year =         2014,
}
@InProceedings{TCC:GarIshSri18,
  author =       "Sanjam Garg and
                  Yuval Ishai and
                  Akshayaram Srinivasan",
  title =        "Two-Round {MPC}: Information-Theoretic and Black-Box",
  pages =        "123--151",
  booktitle =    tcc18name1,
  volume =       tcc18vol1,
  publisher =    tccpub,
  series =       mylncs,
  year =         2018,
}
@InProceedings{C:GIKR02,
  author =       "Rosario Gennaro and
                  Yuval Ishai and
                  Eyal Kushilevitz and
                  Tal Rabin",
  title =        "On 2-Round Secure Multiparty Computation",
  pages =        "178--193",
  booktitle =    crypto02name,
  volume =       crypto02vol,
  publisher =    cryptopub,
  series =       mylncs,
  year =         2002,
}
@InProceedings{STOC:GIKR01,
  author =       "Rosario Gennaro and
                  Yuval Ishai and
                  Eyal Kushilevitz and
                  Tal Rabin",
  title =        "The round complexity of verifiable secret sharing and secure multicast",
  pages =        "580--589",
  booktitle =    stoc01name,
  publisher =    stocpub,
  year =         2001,
}
@Book{Goldreich04,
  author =       "Oded Goldreich",
  title =        "Foundations of Cryptography: Basic Applications",
  publisher =    "Cambridge University Press",
  address =      "Cambridge, UK",
  volume =        2,
  year =         2004,
}
@InProceedings{STOC:GolMicWig87,
  author =       "Oded Goldreich and
                  Silvio Micali and
                  Avi Wigderson",
  title =        "How to Play any Mental Game or {A} Completeness Theorem for Protocols with Honest Majority",
  pages =        "218--229",
  booktitle =    stoc87name,
  publisher =    stocpub,
  year =         1987,
}
@InProceedings{C:GorLiuShi15,
  author =       "S. Dov Gordon and
                  Feng-Hao Liu and
                  Elaine Shi",
  title =        "Constant-Round {MPC} with Fairness and Guarantee of Output Delivery",
  pages =        "63--82",
  booktitle =    crypto15name2,
  volume =       crypto15vol2,
  publisher =    cryptopub,
  series =       mylncs,
  year =         2015,
}
@InProceedings{C:HalLinPin11,
  author =       "Shai Halevi and
                  Yehuda Lindell and
                  Benny Pinkas",
  title =        "Secure Computation on the Web: Computing without Simultaneous Interaction",
  pages =        "132--150",
  booktitle =    crypto11name,
  volume =       crypto11vol,
  publisher =    cryptopub,
  series =       mylncs,
  year =         2011,
}
@InProceedings{AC:HOSS18,
  author =       "Carmit Hazay and
                  Emmanuela Orsini and
                  Peter Scholl and
                  Eduardo {Soria-Vazquez}",
  title =        "Concretely Efficient Large-Scale {MPC} with Active Security (or, {TinyKeys} for {TinyOT})",
  pages =        "86--117",
  booktitle =    asiacrypt18name3,
  volume =       asiacrypt18vol3,
  publisher =    asiacryptpub,
  series =       mylncs,
  year =         2018,
}
@InProceedings{AC:HazSchSor17,
  author =       "Carmit Hazay and
                  Peter Scholl and
                  Eduardo {Soria-Vazquez}",
  title =        "Low Cost Constant Round {MPC} Combining {BMR} and Oblivious Transfer",
  pages =        "598--628",
  booktitle =    asiacrypt17name1,
  volume =       asiacrypt17vol1,
  publisher =    asiacryptpub,
  series =       mylncs,
  year =         2017,
}
@InProceedings{FOCS:IshKus00,
  author =       "Yuval Ishai and
                  Eyal Kushilevitz",
  title =        "Randomizing Polynomials: A New Representation with Applications to Round-Efficient Secure Computation",
  pages =        "294--304",
  booktitle =    focs00name,
  publisher =    focspub,
  year =         2000,
}
@InProceedings{ICALP:IshKus02,
  author =       "Yuval Ishai and
                  Eyal Kushilevitz",
  title =        "Perfect Constant-Round Secure Computation via Perfect Randomizing Polynomials",
  pages =        "244--256",
  booktitle =    icalp02name,
  volume =       icalp02vol,
  publisher =    icalppub,
  series =       mylncs,
  year =         2002,
}
@InProceedings{C:IshKusPas10,
  author =       "Yuval Ishai and
                  Eyal Kushilevitz and
                  Anat Paskin",
  title =        "Secure Multiparty Computation with Minimal Interaction",
  pages =        "577--594",
  booktitle =    crypto10name,
  volume =       crypto10vol,
  publisher =    cryptopub,
  series =       mylncs,
  year =         2010,
}
@InProceedings{C:IshOstZik14,
  author =       "Yuval Ishai and
                  Rafail Ostrovsky and
                  Vassilis Zikas",
  title =        "Secure Multi-Party Computation with Identifiable Abort",
  pages =        "369--386",
  booktitle =    crypto14name2,
  volume =       crypto14vol2,
  publisher =    cryptopub,
  series =       mylncs,
  year =         2014,
}
@InProceedings{CCS:LinNof17,
  author =       "Yehuda Lindell and
                  Ariel Nof",
  title =        "A Framework for Constructing Fast {MPC} over Arithmetic Circuits with Malicious Adversaries and an Honest-Majority",
  pages =        "259--276",
  booktitle =    ccs17name,
  publisher =    ccspub,
  year =         2017,
}
@InProceedings{C:LPSY15,
  author =       "Yehuda Lindell and
                  Benny Pinkas and
                  Nigel P. Smart and
                  Avishay Yanai",
  title =        "Efficient Constant Round Multi-party Computation Combining {BMR} and {SPDZ}",
  pages =        "319--338",
  booktitle =    crypto15name2,
  volume =       crypto15vol2,
  publisher =    cryptopub,
  series =       mylncs,
  year =         2015,
}
@InProceedings{TCC:LinSmaSor16,
  author =       "Yehuda Lindell and
                  Nigel P. Smart and
                  Eduardo {Soria-Vazquez}",
  title =        "More Efficient Constant-Round Multi-party Computation from {BMR} and {SHE}",
  pages =        "554--581",
  booktitle =    tcc16bname1,
  volume =       tcc16bvol1,
  publisher =    tccpub,
  series =       mylncs,
  year =         2016,
}
@InProceedings{EC:MukWic16,
  author =       "Pratyay Mukherjee and
                  Daniel Wichs",
  title =        "Two Round Multiparty Computation via Multi-key {FHE}",
  pages =        "735--763",
  booktitle =    eurocrypt16name2,
  volume =       eurocrypt16vol2,
  publisher =    eurocryptpub,
  series =       mylncs,
  year =         2016,
}
@InProceedings{C:PatRav18,
  author =       "Arpita Patra and
                  Divya Ravi",
  title =        "On the Exact Round Complexity of Secure Three-Party Computation",
  pages =        "425--458",
  booktitle =    crypto18name2,
  volume =       crypto18vol2,
  publisher =    cryptopub,
  series =       mylncs,
  year =         2018,
}
@InProceedings{FOCS:QuaWeeWic18,
  author =       "Willy Quach and
                  Hoeteck Wee and
                  Daniel Wichs",
  title =        "Laconic Function Evaluation and Applications",
  pages =        "859--870",
  booktitle =    focs18name,
  publisher =    focspub,
  year =         2018,
}
@InProceedings{STOC:RabBen89,
  author =       "Tal Rabin and
                  Michael {Ben-Or}",
  title =        "Verifiable Secret Sharing and Multiparty Protocols with Honest Majority (Extended Abstract)",
  pages =        "73--85",
  booktitle =    stoc89name,
  publisher =    stocpub,
  year =         1989,
}
@InProceedings{CCS:WanRanKat17b,
  author =       "Xiao Wang and
                  Samuel Ranellucci and
                  Jonathan Katz",
  title =        "Global-Scale Secure Multiparty Computation",
  pages =        "39--56",
  booktitle =    ccs17name,
  publisher =    ccspub,
  year =         2017,
}

@InProceedings{FOCS:Yao82b,
  author =       "Andrew Chi-Chih Yao",
  title =        "Protocols for Secure Computations (Extended Abstract)",
  pages =        "160--164",
  booktitle =    focs82name,
  publisher =    focspub,
  year =         1982,
}
@Article{JC:GolLin05,
  author =       "Shafi Goldwasser and
                  Yehuda Lindell",
  title =        "Secure Multi-Party Computation without Agreement",
  pages =        "247--287",
  volume =       18,
  month =        jul,
  publisher =    springer,
  year =         2005,
  journal =      jcrypto,
  number =       3,
}
@InProceedings{PODC:FGHHS02,
  author =       "Matthias Fitzi and
                  Daniel Gottesman and
                  Martin Hirt and
                  Thomas Holenstein and
                  Adam Smith",
  title =        "Detectable {Byzantine} agreement secure against faulty majorities",
  pages =        "118--126",
  booktitle =    podc02name,
  publisher =    podcpub,
  year =         2002,
}

@phdthesis{DBLP:phd/dnb/Fitzi03,
  author    = {Matthias Fitzi},
  title     = {Generalized communication and security models in {Byzantine} agreement},
  school    = {{ETH} Zurich, Z{\"{u}}rich, Switzerland},
  year      = {2003},
  url       = {http://d-nb.info/967397375},
  isbn      = {978-3-89649-853-3},
  timestamp = {Wed, 07 Dec 2016 14:16:47 +0100},
  biburl    = {https://dblp.org/rec/phd/dnb/Fitzi03.bib},
  bibsource = {dblp computer science bibliography, https://dblp.org}
}

@InProceedings{C:IKKP15,
  author =       "Yuval Ishai and
                  Ranjit Kumaresan and
                  Eyal Kushilevitz and
                  Anat {Paskin-Cherniavsky}",
  title =        "Secure Computation with Minimal Interaction, Revisited",
  pages =        "359--378",
  booktitle =    crypto15name2,
  volume =       crypto15vol2,
  publisher =    cryptopub,
  series =       mylncs,
  year =         2015,
}
@InProceedings{C:GarMiaSri18,
  author =       "Sanjam Garg and
                  Peihan Miao and
                  Akshayaram Srinivasan",
  title =        "Two-Round Multiparty Secure Computation Minimizing Public Key Operations",
  pages =        "273--301",
  booktitle =    crypto18name3,
  volume =       crypto18vol3,
  publisher =    cryptopub,
  series =       mylncs,
  year =         2018,
}
@InProceedings{STOC:CanPobVen17,
  author =       "Ran Canetti and
                  Oxana Poburinnaya and
                  Muthuramakrishnan Venkitasubramaniam",
  title =        "Equivocating Yao: constant-round adaptively secure multiparty computation in the plain model",
  pages =        "497--509",
  booktitle =    stoc17name,
  year =         2017,
}
@Article{JC:CohLin17,
  author =       "Ran Cohen and
                  Yehuda Lindell",
  title =        "Fairness Versus Guaranteed Output Delivery in Secure Multiparty Computation",
  pages =        "1157--1186",
  volume =       30,
  month =        oct,
  publisher =    springer,
  year =         2017,
  journal =      jcrypto,
  number =       4,
}


@article{LamportSP82,
  author    = {Leslie Lamport and
               Robert E. Shostak and
               Marshall C. Pease},
  title     = {The {Byzantine} Generals Problem},
  journal   = {{ACM} Trans. Program. Lang. Syst.},
  volume    = {4},
  number    = {3},
  pages     = {382--401},
  year      = {1982},
}

@article{PeaseSL80,
  author    = {Marshall C. Pease and
               Robert E. Shostak and
               Leslie Lamport},
  title     = {Reaching Agreement in the Presence of Faults},
  journal   = jacm,
  volume    = {27},
  number    = {2},
  pages     = {228--234},
  year      = {1980},
}
@article{BenElY03,
  author    = {Michael Ben{-}Or and
               Ran El{-}Yaniv},
  title     = {Resilient-optimal interactive consistency in constant time},
  journal   = {Distributed Computing},
  volume    = {16},
  number    = {4},
  pages     = {249--262},
  year      = {2003},
}

@inproceedings{PODS:FisLynPat83,
  author    = {Michael J. Fischer and
               Nancy A. Lynch and
               Mike Paterson},
  title     = {Impossibility of Distributed Consensus with One Faulty Process},
  booktitle = podc83name,
  pages     = {1--7},
  year      = {1983},
  address   = podc83addr,
  month     = podc83month,
  publisher = podcpub, }

@article{FisLyn82,
  author    = {Michael J. Fischer and
               Nancy A. Lynch},
  title     = {A Lower Bound for the Time to Assure Interactive Consistency},
  journal   = ipl,
  volume    = {14},
  number    = {4},
  pages     = {183--186},
  year      = {1982},
}

@article{FisLynMer86,
  author    = {Michael J. Fischer and
               Nancy A. Lynch and
               Michael Merritt},
  title     = {Easy Impossibility Proofs for Distributed Consensus Problems},
  journal   = {Distributed Computing},
  volume    = {1},
  number    = {1},
  pages     = {26--39},
  year      = {1986},
}

@article{JSIAM:DolStr83,
  author    = {Danny Dolev and
               H. Raymond Strong},
  title     = {Authenticated Algorithms for {Byzantine} Agreement},
  journal   = siamjc,
  volume    = {12},
  number    = {4},
  pages     = {656--666},
  year      = {1983},
}


@article{FeldmanM97,
  author    = {Pesech Feldman and
               Silvio Micali},
  title     = {An Optimal Probabilistic Protocol for Synchronous {Byzantine} Agreement},
  journal   = siamjc,
  volume    = {26},
  number    = {4},
  pages     = {873--933},
  year      = {1997},
}

@article{TurpinC84,
  author    = {Russell Turpin and
               Brian A. Coan},
  title     = {Extending Binary {Byzantine} Agreement to Multivalued {Byzantine} Agreement},
  journal   = ipl,
  volume    = {18},
  number    = {2},
  pages     = {73--76},
  year      = {1984},
}

@article{Canetti00,
  author    = {Ran Canetti},
  title     = {Security and Composition of Multiparty Cryptographic Protocols},
  journal   = jcrypto,
  volume    = {13},
  number    = {1},
  pages     = {143--202},
  year      = {2000},
}

@inproceedings{PW92,
  author    = {Birgit Pfitzmann and
               Michael Waidner},
  title     = {Unconditional {Byzantine} Agreement for any Number of Faulty Processors},
  booktitle = {{STACS}},
  pages     = {339--350},
  year      = {1992},
  series    = mylncs,
  volume    = {577},
}

@article{Dolev82,
  author    = {Danny Dolev},
  title     = {The {Byzantine} Generals Strike Again},
  journal   = {J. Algorithms},
  volume    = {3},
  number    = {1},
  pages     = {14--30},
  year      = {1982},
}
@unpublished{KarYao84,
  author    = {Anna R. Karlin and Andrew Chi{-}Chih Yao},
  title     = {Probabilistic lower bounds for {Byzantine} agreement and clock synchronization},
  note      = {Unpublished manuscript},
  year      = {1986}
}
@article{CMS89,
  author    = {Benny Chor and
               Michael Merritt and
               David B. Shmoys},
  title     = {Simple constant-time consensus protocols in realistic failure models},
  journal   = jacm,
  volume    = {36},
  number    = {3},
  pages     = {591--614},
  year      = {1989}
}
@InProceedings{EC:ACGJ19,
  author =       "Prabhanjan Ananth and
                  Arka Rai Choudhuri and
                  Aarushi Goel and
                  Abhishek Jain",
  title =        "Two Round Information-Theoretic {MPC} with Malicious Security",
  pages =        "532--561",
  booktitle =    eurocrypt19name2,
  volume =       eurocrypt19vol2,
  publisher =    eurocryptpub,
  series =       mylncs,
  year =         2019,
}
@InProceedings{EC:AppBraTsa19,
  author =       "Benny Applebaum and
                  Zvika Brakerski and
                  Rotem Tsabary",
  title =        "Degree 2 is Complete for the Round-Complexity of Malicious {MPC}",
  pages =        "504--531",
  booktitle =    eurocrypt19name2,
  volume =       eurocrypt19vol2,
  publisher =    eurocryptpub,
  series =       mylncs,
  year =         2019,
}
@InProceedings{C:CohsheWic19,
  author =       "Ran Cohen and
                  {abhi} {shelat} and
                  Daniel Wichs",
  title =        "Adaptively Secure {MPC} with Sublinear Communication Complexity",
  pages =        "30--60",
  booktitle =    crypto19name2,
  volume =       crypto19vol2,
  year =         2019,
}
@InProceedings{CCS:BelHoaRog12,
  author =       "Mihir Bellare and
                  Viet Tung Hoang and
                  Phillip Rogaway",
  title =        "Foundations of garbled circuits",
  pages =        "784--796",
  booktitle =    ccs12name,
  publisher =    ccspub,
  year =         2012,
}

@InProceedings{C:KatKoo06,
  author =       "Jonathan Katz and
                  Chiu-Yuen Koo",
  title =        "On Expected Constant-Round Protocols for {Byzantine} Agreement",
  pages =        "445--462",
  booktitle =    crypto06name,
  volume =       crypto06vol,
  publisher =    cryptopub,
  series =       mylncs,
  year =         2006,
}

@InProceedings{C:CCGZ16,
  author =       "Ran Cohen and
                  Sandro Coretti and
                  Juan A. Garay and
                  Vassilis Zikas",
  title =        "Probabilistic Termination and Composability of Cryptographic Protocols",
  pages =        "240--269",
  booktitle =    crypto16name3,
  volume =       crypto16vol3,
  series =       mylncs,
  year =         2016,
}
@Article{JC:CCGZ19,
  author =       "Ran Cohen and
                  Sandro Coretti and
                  Juan A. Garay and
                  Vassilis Zikas",
  title =        "Probabilistic Termination and Composability of Cryptographic Protocols",
  pages =        "690--741",
  volume =       32,
  month =        jul,
  publisher =    springer,
  year =         2019,
  journal =      jcrypto,
  number =       3,
}
@InProceedings{PODC:LinLysRab02,
  author =       "Yehuda Lindell and
                  Anna Lysyanskaya and
                  Tal Rabin",
  title =        "Sequential composition of protocols without simultaneous termination",
  pages =        "203--212",
  booktitle =    podc02name,
  publisher =    podcpub,
  year =         2002,
}
@InProceedings{ICALP:CCGZ17,
  author =       "Ran Cohen and
                  Sandro Coretti and
                  Juan A. Garay and
                  Vassilis Zikas",
  title =        "Round-Preserving Parallel Composition of Probabilistic-Termination Cryptographic Protocols",
  pages =        "37:1--37:15",
  booktitle =    icalp17name,
  volume =       icalp17vol,
  publisher =    icalppubv2,
  series =       mylipics,
  year =         2017,
}
@InProceedings{C:HJOSW16,
  author =       "Brett Hemenway and
                  Zahra Jafargholi and
                  Rafail Ostrovsky and
                  Alessandra Scafuro and
                  Daniel Wichs",
  title =        "Adaptively Secure Garbled Circuits from One-Way Functions",
  pages =        "149--178",
  booktitle =    crypto16name3,
  volume =       crypto16vol3,
  series =       mylncs,
  year =         2016,
}
@InProceedings{TCC:JafWic16,
  author =       "Zahra Jafargholi and
                  Daniel Wichs",
  title =        "Adaptive Security of {Yao}'s Garbled Circuits",
  pages =        "433--458",
  booktitle =    tcc16bname1,
  volume =       tcc16bvol1,
  publisher =    tccpub,
  series =       mylncs,
  year =         2016,
}
@InProceedings{TCC:JafScaWic17,
  author =       "Zahra Jafargholi and
                  Alessandra Scafuro and
                  Daniel Wichs",
  title =        "Adaptively Indistinguishable Garbled Circuits",
  pages =        "40--71",
  booktitle =    tcc17name2,
  volume =       tcc17vol2,
  publisher =    tccpub,
  series =       mylncs,
  year =         2017,
}
@inproceedings{DISC:CHMOS19,
  author    = {Ran Cohen and
               Iftach Haitner and
               Nikolaos Makriyannis and
               Matan Orland and
               Alex Samorodnitsky},
  title     = {On the Round Complexity of Randomized {Byzantine} Agreement},
  booktitle = {{DISC}},
  pages     = {12:1--12:17},
  year      = {2019},
}
@unpublished{CPS19,
  author    = {T.{-}H. Hubert Chan and
               Rafael Pass and
               Elaine Shi},
  title     = {Round Complexity of {Byzantine} Agreement, Revisited},
  note      = {{IACR} Cryptology ePrint Archive},
  url       = {https://eprint.iacr.org/2019/886},
  year      = {2019},
}
@Article{JC:CHOR18,
  author =       "Ran Cohen and
                  Iftach Haitner and
                  Eran Omri and
                  Lior Rotem",
  title =        "Characterization of Secure Multiparty Computation Without Broadcast",
  pages =        "587--609",
  volume =       31,
  month =        apr,
  publisher =    springer,
  year =         2018,
  journal =      jcrypto,
  number =       2,
}
@Article{JC:HirMau00,
  author =       "Martin Hirt and
                  Ueli M. Maurer",
  title =        "Player Simulation and General Adversary Structures in Perfect Multiparty Computation",
  pages =        "31--60",
  volume =       13,
  month =        jan,
  publisher =    springer,
  year =         2000,
  journal =      jcrypto,
  number =       1,
  doi =          "10.1007/s001459910003",
}
@InProceedings{ITCS:Micali17,
  author =       "Silvio Micali",
  title =        "Very Simple and Efficient {Byzantine} Agreement",
  pages =        "6:1--6:1",
  booktitle =    itcs17name,
  volume =       itcs17vol,
  year =         2017,
  doi =          "10.4230/LIPIcs.ITCS.2017.6",
}
@InProceedings{C:DHRW16,
  author =       "Yevgeniy Dodis and
                  Shai Halevi and
                  Ron D. Rothblum and
                  Daniel Wichs",
  title =        "Spooky Encryption and Its Applications",
  pages =        "93--122",
  booktitle =    crypto16name3,
  volume =       crypto16vol3,
  series =       mylncs,
  year =         2016,
}
@InProceedings{AC:PatRav19,
  author =       "Arpita Patra and
                  Divya Ravi",
  title =        "Beyond Honest Majority: The Round Complexity of Fair and Robust Multi-party Computation",
  pages =        "456--487",
  booktitle =    asiacrypt19name1,
  volume =       asiacrypt19vol1,
  series =       mylncs,
  year =         2019,
}
@InProceedings{EC:HirZik10,
  author =       "Martin Hirt and
                  Vassilis Zikas",
  title =        "Adaptively Secure Broadcast",
  pages =        "466--485",
  booktitle =    eurocrypt10name,
  volume =       eurocrypt10vol,
  series =       mylncs,
  year =         2010,
}
@InProceedings{PODC:GKKZ11,
  author =       "Juan A. Garay and
                  Jonathan Katz and
                  Ranjit Kumaresan and
                  Hong-Sheng Zhou",
  title =        "Adaptively secure broadcast, revisited",
  pages =        "179--186",
  booktitle =    podc11name,
  year =         2011,
}
@InProceedings{ITCS:BGJPVW16,
  author =       "Nir Bitansky and
                  Shafi Goldwasser and
                  Abhishek Jain and
                  Omer Paneth and
                  Vinod Vaikuntanathan and
                  Brent Waters",
  title =        "Time-Lock Puzzles from Randomized Encodings",
  pages =        "345--356",
  booktitle =    itcs16name,
  year =         2016,
}
@InProceedings{TCC:HaiOmrZar13,
  author =       "Iftach Haitner and
                  Eran Omri and
                  Hila Zarosim",
  title =        "Limits on the Usefulness of Random Oracles",
  pages =        "437--456",
  booktitle =    tcc13name,
  volume =       tcc13vol,
  publisher =    tccpub,
  series =       mylncs,
  year =         2013,
}
@InProceedings{ITCS:MahMajPra14,
  author =       "Mohammad Mahmoody and
                  Hemanta K. Maji and
                  Manoj Prabhakaran",
  title =        "Limits of random oracles in secure computation",
  pages =        "23--34",
  booktitle =    itcs14name,
  year =         2014,
}
@InProceedings{C:Nielsen02a,
  author =       "Jesper Buus Nielsen",
  title =        "Separating Random Oracle Proofs from Complexity Theoretic Proofs: The Non-committing Encryption Case",
  pages =        "111--126",
  booktitle =    crypto02name,
  volume =       crypto02vol,
  series =       mylncs,
  year =         2002,
}
@InProceedings{ICALP:GolKalPar15,
  author =       "Shafi Goldwasser and
                  Yael Tauman Kalai and
                  Sunoo Park",
  title =        "Adaptively Secure Coin-Flipping, Revisited",
  pages =        "663--674",
  booktitle =    icalp15name2,
  volume =       icalp15vol2,
  series =       mylncs,
  year =         2015,
}
@inproceedings{DISC:KalKomRaz18,
  author    = {Yael Tauman Kalai and
               Ilan Komargodski and
               Ran Raz},
  title     = {A Lower Bound for Adaptively-Secure Collective Coin-Flipping Protocols},
  booktitle = {DISC},
  pages     = {34:1--34:16},
  year      = {2018},
}
@InProceedings{FOCS:HaiKar20,
  author =       "Iftach Haitner and
                  Yonatan Karidi-Heller",
  title =        "A Tight Lower Bound on Adaptively Secure Full-Information Coin Flip",
  pages =        "1268--1276",
  booktitle =    focs20name,
  year =         2020,
}
@InProceedings{TCC:KhoMajMuk19,
  author =       "Hamidreza Amini Khorasgani and
                  Hemanta K. Maji and
                  Tamalika Mukherjee",
  title =        "Estimating Gaps in Martingales and Applications to Coin-Tossing: Constructions and Hardness",
  pages =        "333--355",
  booktitle =    tcc19name2,
  volume =       tcc19vol2,
  series =       mylncs,
  year =         2019,
}
@InProceedings{C:MahMorVad11,
  author =       "Mohammad Mahmoody and
                  Tal Moran and
                  Salil P. Vadhan",
  title =        "Time-Lock Puzzles in the Random Oracle Model",
  pages =        "39--50",
  booktitle =    crypto11name,
  volume =       crypto11vol,
  series =       mylncs,
  year =         2011,
}
@article{TCS:CheMic19,
  author    = {Jing Chen and
               Silvio Micali},
  title     = {Algorand: {A} secure and efficient distributed ledger},
  journal   = {Theoretical Computer Science},
  volume    = {777},
  pages     = {155--183},
  year      = {2019},
}
@InProceedings{TCC:WXSD20,
  author =       "Jun Wan and
                  Hanshen Xiao and
                  Elaine Shi and
                  Srinivas Devadas",
  title =        "Expected Constant Round {Byzantine} Broadcast Under Dishonest Majority",
  pages =        "381--411",
  booktitle =    tcc20name1,
  volume =       tcc20vol1,
  series =       mylncs,
  year =         2020,
}

@InProceedings{TCC:WXDS20,
  author =       "Jun Wan and
                  Hanshen Xiao and
                  Srinivas Devadas and
                  Elaine Shi",
  title =        "Round-Efficient {Byzantine} Broadcast Under Strongly Adaptive and Majority Corruptions",
  pages =        "412--456",
  booktitle =    tcc20name1,
  volume =       tcc20vol1,
  series =       mylncs,
  year =         2020,
}
@InProceedings{PKC:ChaPasShi20,
  author =       "T.-H. Hubert Chan and
                  Rafael Pass and
                  Elaine Shi",
  title =        "Sublinear-Round {Byzantine} Agreement Under Corrupt Majority",
  pages =        "246--265",
  booktitle =    pkc20name2,
  volume =       pkc20vol2,
  year =         2020,
}
@InProceedings{PODC:ACDNPRS19,
  author =       "Ittai Abraham and
                  T.-H. Hubert Chan and
                  Danny Dolev and
                  Kartik Nayak and
                  Rafael Pass and
                  Ling Ren and
                  Elaine Shi",
  title =        "Communication Complexity of {Byzantine} Agreement, Revisited",
  pages =        "317--326",
  booktitle =    podc19name,
  year =         2019,
}
@InProceedings{TCC:BKLL20,
  author =       "Erica Blum and
                  Jonathan Katz and
                  Chen-Da Liu-Zhang and
                  Julian Loss",
  title =        "Asynchronous {Byzantine} Agreement with Subquadratic Communication",
  pages =        "353--380",
  booktitle =    tcc20name1,
  volume =       tcc20vol1,
  series =       mylncs,
  year =         2020,
}
@phdthesis{Thesis:Feldman88,
     author = {Paul Feldman},
     title = {Optimal Algorithms for {Byzantine} Agreement},
     school = {Stanford University},
     year = 1988,
     note = {\url{https://dspace.mit.edu/handle/1721.1/14368}}
}
@phdthesis{Thesis:Nielsen03,
     author = {Jesper Buus Nielsen},
     title = {On Protocol Security in the Cryptographic Model},
     school = {University of Aarhus},
     year = 2003,
     note = {\url{https://www.brics.dk/DS/03/8/BRICS-DS-03-8.pdf}}
}
@InProceedings{STOC:CFGN96,
  author =       "Ran Canetti and
                  Uriel Feige and
                  Oded Goldreich and
                  Moni Naor",
  title =        "Adaptively Secure Multi-Party Computation",
  pages =        "639--648",
  booktitle =    stoc96name,
  year =         1996,
}

@InProceedings{FC:ADDNR19,
  author =       "Ittai Abraham and
                  Srinivas Devadas and
                  Danny Dolev and
                  Kartik Nayak and
                  Ling Ren",
  title =        "Synchronous {Byzantine} Agreement with Expected {$O(1)$} Rounds, Expected {$O(n^2)$} Communication, and Optimal Resilience",
  pages =        "320--334",
  booktitle =    fc19name,
  volume =       fc19vol,
  series =       mylncs,
  year =         2019,
}
@InProceedings{C:GIOZ17,
  author =       "Juan A. Garay and
                  Yuval Ishai and
                  Rafail Ostrovsky and
                  Vassilis Zikas",
  title =        "The Price of Low Communication in Secure Multi-party Computation",
  pages =        "420--446",
  booktitle =    crypto17name1,
  volume =       crypto17vol1,
  series =       mylncs,
  year =         2017,
}
@InProceedings{C:GarSah12,
  author =       "Sanjam Garg and
                  Amit Sahai",
  title =        "Adaptively Secure Multi-Party Computation with Dishonest Majority",
  pages =        "105--123",
  booktitle =    crypto12name,
  volume =       crypto12vol,
  series =       mylncs,
  year =         2012,
}
@InProceedings{PKC:KatThiZho13,
  author =       "Jonathan Katz and
                  Aishwarya Thiruvengadam and
                  Hong-Sheng Zhou",
  title =        "Feasibility and Infeasibility of Adaptively Secure Fully Homomorphic Encryption",
  pages =        "14--31",
  booktitle =    pkc13name,
  volume =       pkc13vol,
  series =       mylncs,
  year =         2013,
}
@InProceedings{PODC:HazLinPat15,
  author =       "Carmit Hazay and
                  Yehuda Lindell and
                  Arpita Patra",
  title =        "Adaptively Secure Computation with Partial Erasures",
  pages =        "291--300",
  booktitle =    podc15name,
  year =         2015,
}
@InProceedings{C:BCDH18,
  author =       "Elette Boyle and
                  Ran Cohen and
                  Deepesh Data and
                  Pavel Hub{\'a}cek",
  title =        "Must the Communication Graph of {MPC} Protocols be an Expander?",
  pages =        "243--272",
  booktitle =    crypto18name3,
  volume =       crypto18vol3,
  series =       mylncs,
  year =         2018,
}
@inproceedings{Borderding96,
  author    = {Malte Borderding},
  title     = {Levels of Authentication in Distributed Agreement},
  booktitle = {10th International Workshop on Distributed Algorithms {WDAG}},
  pages     = {40--55},
  year      = {1996},
}
@InProceedings{TCC:LiuMau20,
  author =       "Chen-Da Liu-Zhang and
                  Ueli Maurer",
  title =        "Synchronous Constructive Cryptography",
  pages =        "439--472",
  booktitle =    tcc20name2,
  volume =       tcc20vol2,
  series =       mylncs,
  year =         2020,
}
@InProceedings{CCS:BGKRZ18,
  author =       "Christian Badertscher and
                  Peter Gazi and
                  Aggelos Kiayias and
                  Alexander Russell and
                  Vassilis Zikas",
  title =        "Ouroboros Genesis: Composable Proof-of-Stake Blockchains with Dynamic Availability",
  pages =        "913--930",
  booktitle =    ccs18name,
  year =         2018,
}
@InProceedings{EC:KiaZhoZik16,
  author =       "Aggelos Kiayias and
                  Hong-Sheng Zhou and
                  Vassilis Zikas",
  title =        "Fair and Robust Multi-party Computation Using a Global Transaction Ledger",
  pages =        "705--734",
  booktitle =    eurocrypt16name2,
  volume =       eurocrypt16vol2,
  series =       mylncs,
  year =         2016,
}
@InProceedings{EC:BDDNO21,
  author =       "Carsten Baum and
                  Bernardo David and
                  Rafael Dowsley and
                  Jesper Buus Nielsen and
                  Sabine Oechsner",
  title =        "{TARDIS}: {A} Foundation of Time-Lock Puzzles in {UC}",
  pages =        "429--459",
  booktitle =    eurocrypt21name3,
  volume =       eurocrypt21vol3,
  series =       mylncs,
  year =         2021,
}
@Misc{EPRINT:HofMue04,
  author =       "Dennis Hofheinz and
                  J{\"o}rn {M{\"u}ller-Quade}",
  title =        "A Synchronous Model for Multi-Party Computation and the Incompleteness of Oblivious Transfer",
  year =         2004,
  howpublished = "Cryptology ePrint Archive, Report 2004/016",
  note =         "\url{http://eprint.iacr.org/2004/016}",
}
@InProceedings{TCC:BCHTZ20,
  author =       "Christian Badertscher and
                  Ran Canetti and
                  Julia Hesse and
                  Bj{\"o}rn Tackmann and
                  Vassilis Zikas",
  title =        "Universal Composition with Global Subroutines: Capturing Global Setup Within Plain {UC}",
  pages =        "1--30",
  booktitle =    tcc20name3,
  volume =       tcc20vol3,
  series =       mylncs,
  year =         2020,
}
@InProceedings{TCC:KMTZ13,
  author =       "Jonathan Katz and
                  Ueli Maurer and
                  Bj{\"o}rn Tackmann and
                  Vassilis Zikas",
  title =        "Universally Composable Synchronous Computation",
  pages =        "477--498",
  booktitle =    tcc13name,
  volume =       tcc13vol,
  year =         2013,
}
@techreport{RSW96,
  title={Time-lock puzzles and timed-release crypto},
  author={Ronald L.\ Rivest and Adi Shamir and David A.\ Wagner},
  year={1996},
  institution = {Massachusetts Institute of Technology},
  address = {USA},
}
@InProceedings{C:BonNao00,
  author =       "Dan Boneh and
                  Moni Naor",
  title =        "Timed Commitments",
  pages =        "236--254",
  booktitle =    crypto00name,
  volume =       crypto00vol,
  series =       mylncs,
  year =         2000,
}
@InProceedings{TCC:GMPY06,
  author =       "Juan A. Garay and
                  Philip D. MacKenzie and
                  Manoj Prabhakaran and
                  Ke Yang",
  title =        "Resource Fairness and Composability of Cryptographic Protocols",
  pages =        "404--428",
  booktitle =    tcc06name,
  volume =       tcc06vol,
  series =       mylncs,
  year =         2006,
}
@InProceedings{C:MalThy19,
  author =       "Giulio Malavolta and
                  Sri Aravinda Krishnan Thyagarajan",
  title =        "Homomorphic Time-Lock Puzzles and Applications",
  pages =        "620--649",
  booktitle =    crypto19name1,
  volume =       crypto19vol1,
  year =         2019,
}
@InProceedings{FOCS:LinPasSon17,
  author =       "Huijia Lin and
                  Rafael Pass and
                  Pratik Soni",
  title =        "Two-Round and Non-Interactive Concurrent Non-Malleable Commitments from Time-Lock Puzzles",
  pages =        "576--587",
  booktitle =    focs17name,
  year =         2017,
}
@InProceedings{TCC:KatLosXu20,
  author =       "Jonathan Katz and
                  Julian Loss and
                  Jiayu Xu",
  title =        "On the Security of Time-Lock Puzzles and Timed Commitments",
  pages =        "390--413",
  booktitle =    tcc20name3,
  volume =       tcc20vol3,
  year =         2020,
}
@InProceedings{TCC:BDGM19,
  author =       "Zvika Brakerski and
                  Nico D{\"o}ttling and
                  Sanjam Garg and
                  Giulio Malavolta",
  title =        "Leveraging Linear Decryption: Rate-1 Fully-Homomorphic Encryption and Time-Lock Puzzles",
  pages =        "407--437",
  booktitle =    tcc19name2,
  volume =       tcc19vol2,
  series =       mylncs,
  year =         2019,
}
@InProceedings{C:RotSeg20,
  author =       "Lior Rotem and
                  Gil Segev",
  title =        "Generically Speeding-Up Repeated Squaring Is Equivalent to Factoring: Sharp Thresholds for All Generic-Ring Delay Functions",
  pages =        "481--509",
  booktitle =    crypto20name3,
  volume =       crypto20vol3,
  series =       mylncs,
  year =         2020,
}
@Misc{EPRINT:EckFauLos17,
  author =       "Lisa Eckey and
                  Sebastian Faust and
                  Julian Loss",
  title =        "Efficient Algorithms for Broadcast and Consensus Based on Proofs of Work",
  year =         2017,
  howpublished = "Cryptology ePrint Archive, Report 2017/915",
  note =         "\url{http://eprint.iacr.org/2017/915}",
}
@InProceedings{STOC:GarMos93,
  author =       "Juan A. Garay and
                  Yoram Moses",
  title =        "Fully polynomial {Byzantine} agreement in t+1 rounds",
  pages =        "31--41",
  booktitle =    stoc93name,
  year =         1993,
}
@InProceedings{EC:GarKiaLeo15,
  author =       "Juan A. Garay and
                  Aggelos Kiayias and
                  Nikos Leonardos",
  title =        "The Bitcoin Backbone Protocol: Analysis and Applications",
  pages =        "281--310",
  booktitle =    eurocrypt15name2,
  volume =       eurocrypt15vol2,
  series =       mylncs,
  year =         2015,
}
@InProceedings{EC:PasSeeShe17,
  author =       "Rafael Pass and
                  Lior Seeman and
                  {abhi} {shelat}",
  title =        "Analysis of the Blockchain Protocol in Asynchronous Networks",
  pages =        "643--673",
  booktitle =    eurocrypt17name2,
  volume =       eurocrypt17vol2,
  series =       mylncs,
  year =         2017,
}
@InProceedings{C:DwoNao92,
  author =       "Cynthia Dwork and
                  Moni Naor",
  title =        "Pricing via Processing or Combatting Junk Mail",
  pages =        "139--147",
  booktitle =    crypto92name,
  volume =       crypto92vol,
  series =       mylncs,
  year =         1993,
}
@InProceedings{C:AndDzi15,
  author =       "Marcin Andrychowicz and
                  Stefan Dziembowski",
  title =        "{PoW}-Based Distributed Cryptography with No Trusted Setup",
  pages =        "379--399",
  booktitle =    crypto15name2,
  volume =       crypto15vol2,
  year =         2015,
}
@InProceedings{EC:GKOPZ20,
  author =       "Juan A. Garay and
                  Aggelos Kiayias and
                  Rafail M. Ostrovsky and
                  Giorgos Panagiotakos and
                  Vassilis Zikas",
  title =        "Resource-Restricted Cryptography: Revisiting {MPC} Bounds in the Proof-of-Work Era",
  pages =        "129--158",
  booktitle =    eurocrypt20name2,
  volume =       eurocrypt20vol2,
  year =         2020,
}
@Article{JC:GMPY11,
  author =       "Juan A. Garay and
                  Philip D. MacKenzie and
                  Manoj Prabhakaran and
                  Ke Yang",
  title =        "Resource Fairness and Composability of Cryptographic Protocols",
  pages =        "615--658",
  volume =       24,
  publisher =    springer,
  year =         2011,
  journal =      jcrypto,
  number =       4,
}
@InProceedings{C:BBBF18,
  author =       "Dan Boneh and
                  Joseph Bonneau and
                  Benedikt B{\"u}nz and
                  Ben Fisch",
  title =        "Verifiable Delay Functions",
  pages =        "757--788",
  booktitle =    crypto18name1,
  volume =       crypto18vol1,
  series =       mylncs,
  year =         2018,
}
@InProceedings{EC:Wesolowski19,
  author =       "Benjamin Wesolowski",
  title =        "Efficient Verifiable Delay Functions",
  pages =        "379--407",
  booktitle =    eurocrypt19name3,
  volume =       eurocrypt19vol3,
  series =       mylncs,
  year =         2019,
}
@InProceedings{ITCS:Pietrzak19b,
  author =       "Krzysztof Pietrzak",
  title =        "Simple Verifiable Delay Functions",
  pages =        "60:1--60:15",
  booktitle =    itcs19name,
  volume =       itcs19vol,
  year =         2019,
}
@InProceedings{STOC:CLOS02,
  author =       "Ran Canetti and
                  Yehuda Lindell and
                  Rafail Ostrovsky and
                  Amit Sahai",
  title =        "Universally composable two-party and multi-party secure computation",
  pages =        "494--503",
  booktitle =    stoc02name,
  year =         2002,
}
@InProceedings{C:CanFis01,
  author =       "Ran Canetti and
                  Marc Fischlin",
  title =        "Universally Composable Commitments",
  pages =        "19--40",
  booktitle =    crypto01name,
  volume =       crypto01vol,
  series =       mylncs,
  year =         2001,
}
@InProceedings{C:CanCohLin15,
  author =       "Ran Canetti and
                  Asaf Cohen and
                  Yehuda Lindell",
  title =        "A Simpler Variant of Universally Composable Security for Standard Multiparty Computation",
  pages =        "3--22",
  booktitle =    crypto15name2,
  volume =       crypto15vol2,
  series =       mylncs,
  year =         2015,
}
@InProceedings{EC:CDGLN18,
  author =       "Jan Camenisch and
                  Manu Drijvers and
                  Tommaso Gagliardoni and
                  Anja Lehmann and
                  Gregory Neven",
  title =        "The Wonderful World of Global Random Oracles",
  pages =        "280--312",
  booktitle =    eurocrypt18name1,
  volume =       eurocrypt18vol1,
  series =       mylncs,
  year =         2018,
}
@article{ABHJMNRST21,
  author    = {Ghada Almashaqbeh and
               Fabrice Benhamouda and
               Seungwook Han and
               Daniel Jaroslawicz and
               Tal Malkin and
               Alex Nicita and
               Tal Rabin and
               Abhishek Shah and
               Eran Tromer},
  title     = {Gage {MPC:} Bypassing Residual Function Leakage for Non-Interactive {MPC}},
  journal   = {Proc. Priv. Enhancing Technol.},
  volume    = {2021},
  number    = {4},
  pages     = {528--548},
  year      = {2021},
}
@InProceedings{ACNS:DDMMT20,
  author =       "Dominic Deuber and
                  Nico D{\"o}ttling and
                  Bernardo Magri and
                  Giulio Malavolta and
                  Sri Aravinda Krishnan Thyagarajan",
  title =        "Minting Mechanism for Proof of Stake Blockchains",
  pages =        "315--334",
  booktitle =    acns20name1,
  volume =       acns20vol1,
  series =       mylncs,
  year =         2020,
  doi =          "10.1007/978-3-030-57808-4_16",
}
@Article{JACM:Canetti20,
  author    = {Ran Canetti},
  title     = {Universally Composable Security},
  pages     = "28:1--28:94",
  journal   = jacm,
  year      = {2020},
  volume    = {67},
  number    = {5},
}
@InProceedings{C:TsiLosPap22,
  author =       "Georgios Tsimos and
                  Julian Loss and
                  Charalampos Papamanthou",
  title =        "Gossiping for Communication-Efficient Broadcast",
  pages =        "439--469",
  booktitle =    crypto22name3,
  volume =       crypto22vol3,
  publisher =    cryptopub,
  series =       mylncs,
  year =         2022,
}
@InProceedings{C:MatNieTho22,
  author =       "Christian Matt and
                  Jesper Buus Nielsen and
                  S{\o}ren Eller Thomsen",
  title =        "Formalizing Delayed Adaptive Corruptions and the Security of Flooding Networks",
  pages =        "400--430",
  booktitle =    crypto22name2,
  volume =       crypto22vol2,
  publisher =    cryptopub,
  series =       mylncs,
  year =         2022,
}

@InProceedings{TCC:BluKatLos19,
  author =       "Erica Blum and
                  Jonathan Katz and
                  Julian Loss",
  title =        "Synchronous Consensus with Optimal Asynchronous Fallback Guarantees",
  pages =        "131--150",
  booktitle =    tcc19name1,
  volume =       tcc19vol1,
  year =         2019,
}
@inproceedings{TCC:FKPS21,
  author    = {Cody Freitag and
               Ilan Komargodski and
               Rafael Pass and
               Naomi Sirkin},
  title     = {Non-malleable Time-Lock Puzzles and Applications},
  booktitle =    tcc21name3,
  volume =       tcc21vol3,
  series =       mylncs,
  pages     = {447--479},
  year      = {2021},
}
@inproceedings{AC:AraLamZac21,
  author =       "Myrto Arapinis and
                  Nikolaos Lamprou and
                  Thomas Zacharias",
  title =        "Astrolabous: {A} Universally Composable Time-Lock Encryption Scheme",
  pages =        "398--426",
  booktitle =    asiacrypt21name2,
  volume =       asiacrypt21vol2,
  publisher =    asiacryptpub,
  series =       mylncs,
  year =         2021,
}
@InProceedings{PKC:BDDKNO23,
  author =       "Carsten Baum and
                  Bernardo David and
                  Rafael Dowsley and
                  Ravi Kishore and
                  Jesper Buus Nielsen and
                  Sabine Oechsner",
  title        = "{CRAFT:} Composable Randomness Beacons and Output-Independent Abort {MPC} From Time",
  pages =        "439--470",
  booktitle =    pkc23name1,
  volume =       pkc23vol1,
  series =       mylncs,
  year =         2023,
}
@InProceedings{EC:Pass03,
  author =       "Rafael Pass",
  title =        "Simulation in Quasi-Polynomial Time, and Its Application to Protocol Composition",
  pages =        "160--176",
  booktitle =    eurocrypt03name,
  volume =       eurocrypt03vol,
  series =       mylncs,
  year =         2003,
}
@InProceedings{C:BMTZ17,
  author =       "Christian Badertscher and
                  Ueli Maurer and
                  Daniel Tschudi and
                  Vassilis Zikas",
  title =        "Bitcoin as a Transaction Ledger: A Composable Treatment",
  pages =        "324--356",
  booktitle =    crypto17name1,
  volume =       crypto17vol1,
  series =       mylncs,
  year =         2017,
}
@Article{JC:CDDIM04,
  author =       "Ran Canetti and
                  Ivan Damg{\aa}rd and
                  Stefan Dziembowski and
                  Yuval Ishai and
                  Tal Malkin",
  title =        "Adaptive versus Non-Adaptive Security of Multi-Party Protocols",
  pages =        "153--207",
  volume =       17,
  publisher =    springer,
  year =         2004,
  journal =      jcrypto,
  number =       3,
}
@InProceedings{C:MicRog91,
  author =       "Silvio Micali and
                  Phillip Rogaway",
  title =        "Secure Computation (Abstract)",
  pages =        "392--404",
  booktitle =    crypto91name,
  volume =       crypto91vol,
  series =       mylncs,
  year =         1992,
}
@Misc{EPRINT:ALPT22,
  author =       "Andreea B. Alexandru and
                  Julian Loss and
                  Charalampos Papamanthou and
                  Giorgos Tsimos",
  title =        "Sublinear-round Broadcast without trusted setup against dishonest majority",
  year =         2022,
  howpublished = "Cryptology ePrint Archive, Report 2022/1383",
  note =         "\url{https://eprint.iacr.org/2022/1383}",
}
@InProceedings{PKC:SLMNPT23,
  author    = {Shravan Srinivasan and
               Julian Loss and
               Giulio Malavolta and
               Kartik Nayak and
               Charalampos Papamanthou and
               Sri Aravinda Krishnan Thyagarajan},
  title =        "Transparent Batchable Time-lock Puzzles and Applications to Byzantine Consensus",
  pages =        "554--584",
  booktitle =    pkc23name1,
  volume =       pkc23vol1,
  series =       mylncs,
  year =         2023,
}
@Misc{EPRINT:CohGarZik21,
  author =       "Ran Cohen and
                  Juan Garay and
                  Vassilis Zikas",
  title =        "Completeness Theorems for Adaptively Secure Broadcast",
  year =         2021,
  howpublished = "Cryptology ePrint Archive, Report 2021/775",
  note =         "\url{https://eprint.iacr.org/2021/775}",
}
