@inproceedings{CCS1,
  key = {CCS1},
  address =       {Virtual Event, Republic of Korea},
  author =        {Nishanth Chandran and Nishka Dasgupta and Divya Gupta and
                   Sai Lakshmi Bhavana Obbattu and Sruthi Sekar and
                   Akash Shah},
  booktitle =     {ACM CCS 2021: 28th Conference on CCS},
  editor =        {Giovanni Vigna and Elaine Shi},
  month =         nov # {~15--19,},
  pages =         {1182--1204},
  publisher =     {{ACM} Press},
  title =         {CCS1: Efficient Linear Multiparty}
  doi =           {10.1145/3460120.3484591},
  note = {missing a year}
}

@inproceedings{CCS2,
  address =       {Virtual Event, Republic of Korea},
  author =        {Nishanth Chandran and Nishka Dasgupta and Divya Gupta and
                   Sai Lakshmi Bhavana Obbattu and Sruthi Sekar and
                   Akash Shah},
  booktitle =     {ACM CCS 2021: 28th Conference on Computer and
                   Communications Security},
  editor =        {Giovanni Vigna and Elaine Shi},
  month =         nov # {~15--19,},
  pages =         {1182--1204},
  publisher =     {{ACM} Press},
  year =          {2021},
  doi =           {10.1145/3460120.3484591},
  note = {missing a title}
}

@inproceedings{CCS3,
  address =       {Virtual Event, Republic of Korea},
  author =        {Nishanth Chandran and Nishka Dasgupta and Divya Gupta and
                   Sai Lakshmi Bhavana Obbattu and Sruthi Sekar and
                   Akash Shah},
  booktitle =     {ACM CCS 2021: 28th Conference on Computer and
                   Communications Security},
  editor =        {Giovanni Vigna and Elaine Shi},
  month =         nov # {~15--19,},
  pages =         {1182--1204},
  title =         {CCS3: Efficient Linear Multiparty},
  year =          {2021},
  doi =           {10.1145/3460120.3484591},
  note = {missing a publisher}
}

@inproceedings{CCS4,
  author =        {Nishanth Chandran and Nishka Dasgupta and Divya Gupta and
                   Sai Lakshmi Bhavana Obbattu and Sruthi Sekar and
                   Akash Shah},
  booktitle =     {ACM CCS 2021: 28th Conference on Computer and
                   Communications Security},
  editor =        {Giovanni Vigna and Elaine Shi},
  month =         nov # {~15--19,},
  pages =         {1182--1204},
  publisher =     {{ACM} Press},
  title =         {CCS4: Efficient Linear Multiparty},
  year =          {2021},
  doi =           {10.1145/3460120.3484591},
  note = {missing address}
}

@inproceedings{CCS5,
  address =       {Virtual Event, Republic of Korea},
  booktitle =     {ACM CCS 2021: 28th Conference on Computer and
                   Communications Security},
  editor =        {Giovanni Vigna and Elaine Shi},
  month =         nov # {~15--19,},
  pages =         {1182--1204},
  publisher =     {{ACM} Press},
  title =         {CCS5: Efficient Linear Multiparty},
  year =          {2021},
  doi =           {10.1145/3460120.3484591},
  note = {missing author}
}

@inproceedings{CCS6,
  address =       {Virtual Event, Republic of Korea},
  author =        {Nishanth Chandran and Nishka Dasgupta and Divya Gupta and
                   Sai Lakshmi Bhavana Obbattu and Sruthi Sekar and
                   Akash Shah},
  editor =        {Giovanni Vigna and Elaine Shi},
  month =         nov # {~15--19,},
  pages =         {1182--1204},
  publisher =     {{ACM} Press},
  title =         {CCC6: Efficient Linear Multiparty},
  year =          {2021},
  doi =           {10.1145/3460120.3484591},
  note = {missing booktitle}
}

@inproceedings{CCS7,
  address =       {Virtual Event, Republic of Korea},
  author =        {Nishanth Chandran and Nishka Dasgupta and Divya Gupta and
                   Sai Lakshmi Bhavana Obbattu and Sruthi Sekar and
                   Akash Shah},
  booktitle =     {ACM CCS 2021: 28th Conference on Computer and
                   Communications Security},
  month =         nov # {~15--19,},
  pages =         {1182--1204},
  publisher =     {{ACM} Press},
  title =         {CCS7: Efficient Linear Multiparty},
  year =          {2021},
  doi =           {10.1145/3460120.3484591},
  note = {missing editor}
}

@inproceedings{CCS8,
  address =       {Virtual Event, Republic of Korea},
  author =        {Nishanth Chandran and Nishka Dasgupta and Divya Gupta and
                   Sai Lakshmi Bhavana Obbattu and Sruthi Sekar and
                   Akash Shah},
  booktitle =     {ACM CCS 2021: 28th Conference on Computer and
                   Communications Security},
  editor =        {Giovanni Vigna and Elaine Shi},
  month =         nov # {~15--19,},
  pages =         {1182--1204},
  title =         {CCS8: Efficient Linear Multiparty},
  year =          {2021},
  doi =           {10.1145/3460120.3484591},
  note = {missing publisher}
}

@inproceedings{CCS9,
  address =       {Virtual Event, Republic of Korea},
  author =        {Nishanth Chandran and Nishka Dasgupta and Divya Gupta and
                   Sai Lakshmi Bhavana Obbattu and Sruthi Sekar and
                   Akash Shah},
  booktitle =     {ACM CCS 2021: 28th Conference on Computer and
                   Communications Security},
  editor =        {Giovanni Vigna and Elaine Shi},
  month =         nov # {~15--19,},
  pages =         {1182--1204},
  publisher =     {{ACM} Press},
  title =         {CCS9: Efficient Linear Multiparty},
  year =          {2021},
  note = {missing doi}
}


@article{JC1,
  author =        {Marek S{\'y}s and Lubom{\'i}r Obr{\'a}til and
                   Vashek Maty{\'a}s and Dusan Klinec},
  journal =       {Journal of Cryptology},
  month =         jan,
  number =        {1},
  pages =         {3},
  publisher =     {Springer, Heidelberg, Germany},
  title =         {A Bad Day to Die Hard: Correcting the Dieharder
                   Battery},
  volume =        {35},
  year =          {2022},
  doi =           {10.1007/s00145-021-09414-y},
  note = {Full entry}
}

@article{JC2,
  journal =       {Journal of Cryptology},
  month =         jan,
  number =        {1},
  pages =         {3},
  publisher =     {Springer, Heidelberg, Germany},
  title =         {A Bad Day to Die Hard: Correcting the Dieharder
                   Battery},
  volume =        {35},
  year =          {2022},
  doi =           {10.1007/s00145-021-09414-y},
  note = {Missing author}
}

@article{JC3,
  author =        {Marek S{\'y}s and Lubom{\'i}r Obr{\'a}til and
                   Vashek Maty{\'a}s and Dusan Klinec},
  month =         jan,
  number =        {1},
  pages =         {3},
  publisher =     {Springer, Heidelberg, Germany},
  title =         {A Bad Day to Die Hard: Correcting the Dieharder
                   Battery},
  volume =        {35},
  year =          {2022},
  doi =           {10.1007/s00145-021-09414-y},
  note = {Missing journal}
}

@article{JC4,
  author =        {Marek S{\'y}s and Lubom{\'i}r Obr{\'a}til and
                   Vashek Maty{\'a}s and Dusan Klinec},
  journal =       {Journal of Cryptology},
  number =        {1},
  pages =         {3},
  publisher =     {Springer, Heidelberg, Germany},
  title =         {A Bad Day to Die Hard: Correcting the Dieharder
                   Battery},
  volume =        {35},
  year =          {2022},
  doi =           {10.1007/s00145-021-09414-y},
  note = {Missing month}
}

@article{JC5,
  author =        {Marek S{\'y}s and Lubom{\'i}r Obr{\'a}til and
                   Vashek Maty{\'a}s and Dusan Klinec},
  journal =       {Journal of Cryptology},
  month =         jan,
  pages =         {3},
  publisher =     {Springer, Heidelberg, Germany},
  title =         {A Bad Day to Die Hard: Correcting the Dieharder
                   Battery},
  volume =        {35},
  year =          {2022},
  doi =           {10.1007/s00145-021-09414-y},
  note = {Missing number}
}

@article{JC6,
  author =        {Marek S{\'y}s and Lubom{\'i}r Obr{\'a}til and
                   Vashek Maty{\'a}s and Dusan Klinec},
  journal =       {Journal of Cryptology},
  month =         jan,
  number =        {1},
  publisher =     {Springer, Heidelberg, Germany},
  title =         {A Bad Day to Die Hard: Correcting the Dieharder
                   Battery},
  volume =        {35},
  year =          {2022},
  doi =           {10.1007/s00145-021-09414-y},
  note = {Missing pages}
}

@article{JC7,
  author =        {Marek S{\'y}s and Lubom{\'i}r Obr{\'a}til and
                   Vashek Maty{\'a}s and Dusan Klinec},
  journal =       {Journal of Cryptology},
  month =         jan,
  number =        {1},
  pages =         {3},
  title =         {A Bad Day to Die Hard: Correcting the Dieharder
                   Battery},
  volume =        {35},
  year =          {2022},
  doi =           {10.1007/s00145-021-09414-y},
  note = {Missing publisher}
}

@article{JC8,
  author =        {Marek S{\'y}s and Lubom{\'i}r Obr{\'a}til and
                   Vashek Maty{\'a}s and Dusan Klinec},
  journal =       {Journal of Cryptology},
  month =         jan,
  number =        {1},
  pages =         {3},
  publisher =     {Springer, Heidelberg, Germany},
  volume =        {35},
  year =          {2022},
  doi =           {10.1007/s00145-021-09414-y},
  note = {Missing title}
}

@article{JC9,
  author =        {Marek S{\'y}s and Lubom{\'i}r Obr{\'a}til and
                   Vashek Maty{\'a}s and Dusan Klinec},
  journal =       {Journal of Cryptology},
  month =         jan,
  number =        {1},
  pages =         {3},
  title =         {A Bad Day to Die Hard: Correcting the Dieharder
                   Battery},
  volume =        {35},
  year =          {2022},
  doi =           {10.1007/s00145-021-09414-y},
  note = {Missing publisher}
}

@article{JC10,
  author =        {Marek S{\'y}s and Lubom{\'i}r Obr{\'a}til and
                   Vashek Maty{\'a}s and Dusan Klinec},
  journal =       {Journal of Cryptology},
  month =         jan,
  number =        {1},
  pages =         {3},
  title =         {A Bad Day to Die Hard: Correcting the Dieharder
                   Battery},
  publisher =     {Springer, Heidelberg, Germany},
  year =          {2022},
  doi =           {10.1007/s00145-021-09414-y},
  note = {Missing volume}
}

@article{JC11,
  author =        {Marek S{\'y}s and Lubom{\'i}r Obr{\'a}til and
                   Vashek Maty{\'a}s and Dusan Klinec},
  journal =       {Journal of Cryptology},
  month =         jan,
  number =        {1},
  pages =         {3},
  title =         {A Bad Day to Die Hard: Correcting the Dieharder
                   Battery},
  publisher =     {Springer, Heidelberg, Germany},
  volume =        {35},
  doi =           {10.1007/s00145-021-09414-y},
  note = {Missing year}
}

@book{Book1,
  author =        {Colin Boyd and Anish Mathuria},
  publisher =     {Springer, Heidelberg, Germany},
  series =        {Information Security and Cryptography},
  title =         {Book1: Protocols for Authentication and Key Establishment},
  year =          {2003},
  doi =           {10.1007/978-3-662-09527-0},
  isbn =          {978-3-642-07716-6},
  note = {full listing}
}

@book{Book2,
  publisher =     {Springer, Heidelberg, Germany},
  series =        {Information Security and Cryptography},
  title =         {Book2: Protocols for Authentication and Key Establishment},
  year =          {2003},
  doi =           {10.1007/978-3-662-09527-0},
  isbn =          {978-3-642-07716-6},
  note = {missing author}
}

@book{Book3,
  author =        {Colin Boyd and Anish Mathuria},
  series =        {Information Security and Cryptography},
  title =         {Book3: Protocols for Authentication and Key Establishment},
  year =          {2003},
  doi =           {10.1007/978-3-662-09527-0},
  isbn =          {978-3-642-07716-6},
  note = {missing publisher}
}

@book{Book4,
  author =        {Colin Boyd and Anish Mathuria},
  publisher =     {Springer, Heidelberg, Germany},
  title =         {Book4: Protocols for Authentication and Key Establishment},
  year =          {2003},
  doi =           {10.1007/978-3-662-09527-0},
  isbn =          {978-3-642-07716-6},
  note = {missing series}
}

@book{Book5,
  author =        {Colin Boyd and Anish Mathuria},
  publisher =     {Springer, Heidelberg, Germany},
  series =        {Information Security and Cryptography},
  year =          {2003},
  doi =           {10.1007/978-3-662-09527-0},
  isbn =          {978-3-642-07716-6},
  note = {missing title}
}

@book{Book6,
  author =        {Colin Boyd and Anish Mathuria},
  publisher =     {Springer, Heidelberg, Germany},
  series =        {Information Security and Cryptography},
  title =         {Book6: Protocols for Authentication and Key Establishment},
  doi =           {10.1007/978-3-662-09527-0},
  isbn =          {978-3-642-07716-6},
  note = {missing year}
}

@book{Book7,
  author =        {Colin Boyd and Anish Mathuria},
  publisher =     {Springer, Heidelberg, Germany},
  series =        {Information Security and Cryptography},
  title =         {Book7: Protocols for Authentication and Key Establishment},
  year =          {2003},
  isbn =          {978-3-642-07716-6},
  note = {missing doi}
}

@book{Book8,
  author =        {Colin Boyd and Anish Mathuria},
  publisher =     {Springer, Heidelberg, Germany},
  series =        {Information Security and Cryptography},
  title =         {Book8: Protocols for Authentication and Key Establishment},
  doi =           {10.1007/978-3-662-09527-0},
  isbn =          {978-3-642-07716-6},
  note = {missing year}
}

@book{Book9,
  author =        {Colin Boyd and Anish Mathuria},
  publisher =     {Springer, Heidelberg, Germany},
  series =        {Information Security and Cryptography},
  title =         {Book9: Protocols for Authentication and Key Establishment},
  doi =           {10.1007/978-3-662-09527-0},
  year =          {2003},
  note = {missing isbn}
}

@incollection{incoll1,
  author =        {Matthieu Rivain},
  editor =        {Marc Joye and Michael Tunstall},
  pages =         {37--54},
  booktitle = {Just a booktitle},
  publisher =     {Springer, Heidelberg, Germany},
  series =        {Information Security and Cryptography},
  title =         {Differential Fault Analysis of {DES}},
  year =          {2012},
  doi =           {10.1007/978-3-642-29656-7},
  isbn =          {978-3-642-29655-0},
  note =          {full item}
}

@incollection{incoll2,
  editor =        {Marc Joye and Michael Tunstall},
  pages =         {37--54},
  booktitle = {Just a booktitle},
  publisher =     {Springer, Heidelberg, Germany},
  series =        {Information Security and Cryptography},
  title =         {Differential Fault Analysis of {DES}},
  year =          {2012},
  doi =           {10.1007/978-3-642-29656-7},
  isbn =          {978-3-642-29655-0},
  note =          {missing author}
}

@incollection{incoll3,
  author =        {Matthieu Rivain},
  pages =         {37--54},
  booktitle = {Just a booktitle},
  publisher =     {Springer, Heidelberg, Germany},
  series =        {Information Security and Cryptography},
  title =         {Differential Fault Analysis of {DES}},
  year =          {2012},
  doi =           {10.1007/978-3-642-29656-7},
  isbn =          {978-3-642-29655-0},
  note =          {missing editor}
}

@incollection{incoll4,
  author =        {Matthieu Rivain},
  editor =        {Marc Joye and Michael Tunstall},
  booktitle = {Just a booktitle},
  publisher =     {Springer, Heidelberg, Germany},
  series =        {Information Security and Cryptography},
  title =         {Differential Fault Analysis of {DES}},
  year =          {2012},
  doi =           {10.1007/978-3-642-29656-7},
  isbn =          {978-3-642-29655-0},
  note =          {missing pages}
}

@incollection{incoll5,
  author =        {Matthieu Rivain},
  editor =        {Marc Joye and Michael Tunstall},
  pages =         {37--54},
  booktitle = {Just a booktitle},
  series =        {Information Security and Cryptography},
  title =         {Differential Fault Analysis of {DES}},
  year =          {2012},
  doi =           {10.1007/978-3-642-29656-7},
  isbn =          {978-3-642-29655-0},
  note =          {missing publisher}
}

@incollection{incoll6,
  author =        {Matthieu Rivain},
  editor =        {Marc Joye and Michael Tunstall},
  pages =         {37--54},
  booktitle = {Just a booktitle},
  publisher =     {Springer, Heidelberg, Germany},
  title =         {Differential Fault Analysis of {DES}},
  year =          {2012},
  doi =           {10.1007/978-3-642-29656-7},
  isbn =          {978-3-642-29655-0},
  note =          {missing series}
}

@incollection{incoll7,
  author =        {Matthieu Rivain},
  editor =        {Marc Joye and Michael Tunstall},
  pages =         {37--54},
  booktitle = {Just a booktitle},
  publisher =     {Springer, Heidelberg, Germany},
  series =        {Information Security and Cryptography},
  year =          {2012},
  doi =           {10.1007/978-3-642-29656-7},
  isbn =          {978-3-642-29655-0},
  note =          {missing title}
}

@incollection{incoll8,
  author =        {Matthieu Rivain},
  editor =        {Marc Joye and Michael Tunstall},
  pages =         {37--54},
  booktitle = {Just a booktitle},
  publisher =     {Springer, Heidelberg, Germany},
  series =        {Information Security and Cryptography},
  title =         {Differential Fault Analysis of {DES}},
  doi =           {10.1007/978-3-642-29656-7},
  isbn =          {978-3-642-29655-0},
  note =          {missing year}
}

@incollection{incoll9,
  author =        {Matthieu Rivain},
  editor =        {Marc Joye and Michael Tunstall},
  pages =         {37--54},
  booktitle = {Just a booktitle},
  publisher =     {Springer, Heidelberg, Germany},
  series =        {Information Security and Cryptography},
  title =         {Differential Fault Analysis of {DES}},
  year =          {2012},
  doi =           {10.1007/978-3-642-29656-7},
  note =          {missing isbn}
}

@incollection{incoll10,
  author =        {Matthieu Rivain},
  editor =        {Marc Joye and Michael Tunstall},
  pages =         {37--54},
  booktitle = {Just a booktitle},
  publisher =     {Springer, Heidelberg, Germany},
  series =        {Information Security and Cryptography},
  title =         {Differential Fault Analysis of {DES}},
  year =          {2012},
  isbn =          {978-3-642-29655-0},
  note =          {missing doi}
}

@incollection{incoll11,
  author =        {Matthieu Rivain},
  editor =        {Marc Joye and Michael Tunstall},
  pages =         {37--54},
  publisher =     {Springer, Heidelberg, Germany},
  series =        {Information Security and Cryptography},
  title =         {Differential Fault Analysis of {DES}},
  year =          {2012},
  isbn =          {978-3-642-29655-0},
  doi =           {10.1007/978-3-642-29656-7},
  note =          {missing booktitle}
}

@manual{manual1,
  author =        {Neil Haller and Craig Metz and Philip J. {Nesser II} and
  title =         {{RFC} 2289: A One-Time Password System},
                   Mike Straw},
  organization =  {Internet Activities Board},
  month =         feb,
  year =          {1998},
  note = {Full entry}
}

@manual{manual2,
  title =         {{RFC} 2289: A One-Time Password System},
  organization =  {Internet Activities Board},
  month =         feb,
  year =          {1998},
  note = {missing author}
}

@manual{manual3,
  author =        {Neil Haller and Craig Metz and Philip J. {Nesser II} and
                   Mike Straw},
  title =         {{RFC} 2289: A One-Time Password System},
  organization =  {Internet Activities Board},
  year =          {1998},
  note = {missing month}
}

@manual{manual4,
  author =        {Neil Haller and Craig Metz and Philip J. {Nesser II} and
                   Mike Straw},
  title =         {{RFC} 2289: A One-Time Password System},
  month =         feb,
  year =          {1998},
  note = {Missing organization}
}

@manual{manual5,
  author =        {Neil Haller and Craig Metz and Philip J. {Nesser II} and
                   Mike Straw},
  title =         {{RFC} 2289: A One-Time Password System},
  organization =  {Internet Activities Board},
  month =         feb,
  note = {Missing year}
}

@techreport{NIST1,
  author =        {Peter Schwabe and Roberto Avanzi and Joppe Bos and
                   L{\'e}o Ducas and Eike Kiltz and Tancr{\`e}de Lepoint and
                   Vadim Lyubashevsky and John M. Schanck and
                   Gregor Seiler and Damien Stehl{\'e}},
  institution =   {{N}ational {I}nstitute of {S}tandards and
                   {T}echnology},
  organization = {NIST},
  title =         {{CRYSTALS-KYBER}},
  year =          {2020},
}
@techreport{NIST2,
  institution =   {{N}ational {I}nstitute of {S}tandards and
                   {T}echnology},
  organization = {NIST},
  title =         {{CRYSTALS-KYBER}},
  year =          {2020},
  note =  {Missing author}
}
@techreport{NIST3,
  author =        {Peter Schwabe and Roberto Avanzi and Joppe Bos and
                   L{\'e}o Ducas and Eike Kiltz and Tancr{\`e}de Lepoint and
                   Vadim Lyubashevsky and John M. Schanck and
                   Gregor Seiler and Damien Stehl{\'e}},
  organization = {NIST},
  title =         {{CRYSTALS-KYBER}},
  year =          {2020},
  note = {Missing institution}
}
@techreport{NIST4,
  author =        {Peter Schwabe and Roberto Avanzi and Joppe Bos and
                   L{\'e}o Ducas and Eike Kiltz and Tancr{\`e}de Lepoint and
                   Vadim Lyubashevsky and John M. Schanck and
                   Gregor Seiler and Damien Stehl{\'e}},
  institution =   {{N}ational {I}nstitute of {S}tandards and
                   {T}echnology},
  title =         {{CRYSTALS-KYBER}},
  year =          {2020},
  note = {Missing organization}
}

@techreport{NIST5,
  author =        {Peter Schwabe and Roberto Avanzi and Joppe Bos and
                   L{\'e}o Ducas and Eike Kiltz and Tancr{\`e}de Lepoint and
                   Vadim Lyubashevsky and John M. Schanck and
                   Gregor Seiler and Damien Stehl{\'e}},
  institution =   {{N}ational {I}nstitute of {S}tandards and
                   {T}echnology},
  year =          {2020},
  note = {Missing title}
}
@techreport{NIST6,
  author =        {Peter Schwabe and Roberto Avanzi and Joppe Bos and
                   L{\'e}o Ducas and Eike Kiltz and Tancr{\`e}de Lepoint and
                   Vadim Lyubashevsky and John M. Schanck and
                   Gregor Seiler and Damien Stehl{\'e}},
  institution =   {{N}ational {I}nstitute of {S}tandards and
                   {T}echnology},
  title =         {{CRYSTALS-KYBER}},
  note =          {Missing year}
}

@booklet{booklet1,
  author = {Bobby Booklet},
  title = {Just a booklet},
  howpublished = {Distributed in vending machines},
  organization = {Mad Magazine},
  year = {2020},
  note = {Full booklet}
}

@booklet{booklet2,
  title = {Just a booklet},
  howpublished = {Distributed in vending machines},
  organization = {Mad Magazine},
  year = {2020},
  note = {Missing author}
}

@booklet{booklet3,
  author = {Bobby Booklet},
  howpublished = {Distributed in vending machines},
  organization = {Mad Magazine},
  year = {2020},
  note = {Missing title}
}

@booklet{booklet4,
  title = {Just a booklet},
  author = {Bobby Booklet},
  organization = {Mad Magazine},
  year = {2020},
  note = {Missing how published}
}

@booklet{booklet5,
  author = {Bobby Booklet},
  title = {Just a booklet},
  howpublished = {Distributed in vending machines},
  year = {2020},
  note = {Missing organization}
}

@booklet{booklet6,
  author = {Bobby Booklet},
  title = {Just a booklet},
  howpublished = {Distributed in vending machines},
  organization = {Mad Magazine},
  note = {Missing year}
}

@software{arkworks,
  key = {ZZZ},
  author = {Contributors to zkSnark},
  title = {\texttt{arkworks} zkSNARK ecosystem},
  url = {https://arkworks.rs},
  year = {2022},
}

