@article{lwe,
author = {Regev, Oded},
title = {On Lattices, Learning with Errors, Random Linear Codes, and Cryptography},
year = {2009},
volume = {56},
number = {6},
journal = {J. ACM},
month = sep # "\slash " # oct,
articleno = {34},
numpages = {40},
}

@article{DifVanWie92,
  author =        {Whitfield Diffie and Paul C. {van Oorschot} and
                   Michael J. Wiener},
  journal =       {Designs, Codes and Cryptography},
  month =         jun,
  number =        {2},
  pages =         {107--125},
  title =         {Authentication and Authenticated Key Exchanges},
  volume =        {2},
  year =          {1992},
}

@article{Maurer,
  author =        {Ueli M. Maurer},
  journal =       {Discrete Applied Mathematics},
  number =        {2},
  pages =         {370--381},
  title =         {Secure multi-party computation made simple},
  volume =        {154},
  year =          {2006},
  doi =           {10.1016/j.dam.2005.03.020},
  note = {Full version at \url{https://crypto.ethz.ch/publications/files/Maurer02b.pdf}}
}

@Article{ACMTCS::AndersonDNPRW1996,
  title = {Serverless Network File Systems},
  author = {Thomas E. Anderson and Michael Dahlin and Jeanna M.
            Neefe and David A. Patterson and Drew S. Roselli and
            Randolph Wang},
  journal = {ACM Transactions on Computer Systems},
  pages =        {41--79},
  month =        feb # "~18--20,",
  year =         {1996},
  volume =       {14},
  number =       {1},
}

@Article{clusterDecomp,
 author =       "Muralidhar, K. and M. Sundareshan, M.",
 title =        "On the Decomposition of Large Communication Networks                                                           
                 for Hierarchical Control Implementation",
 journal =      "IEEE Transactions on Communications",
 volume =       "COM-34, 10",
 month = oct,
 year =         "1986",
 pages =        "985--987",
 references =   "0",
 country =      "USA",
 language =     "English",
 enum =         "3959",
 descriptors =  "Communication network; hierarchical network;                                                                   
                decomposition; optimization;",
 date =         "1990-05-02",
 by_date =      "Uhl",
 revision =     "21/04/91",
 by_rev =       "Le",
 location =     "UniDo-ESV",
 annote =       "In the implementation of hierarchical schems for the
adaptive control of large communication networks,
decomposition of the overall network into node clusters  
and assignment of a supervisor for each cluster are of  
central importance. A formulation of thedecomposition
problem as a mathematical optimization problem is given
and an algorithm for solution is presented.",
} 


@Book{Goldreich04,  
  author = "Oded Goldreich",  
  title =  "Foundations of Cryptography: Basic Applications",  
  publisher = "Cambridge University Press",  
  address ="Cambridge, UK",
  volume =  2, 
  year =2004,  
  ISBN ="ISBN 0-521-83084-2 (hardback)",  
}  

@Book{MenVanVan97,
  author = "Alfred J. Menezes and
Paul C. {van Oorschot} and 
Scott A. Vanstone",  
  title =  "Handbook of Applied Cryptography",  
  publisher = "CRC Press", 
  address ="2000 N.W. Corporate Blvd., Boca Raton, FL 33431-9868, 
  USA",  
  pages =  "xxviii + 780", 
  year =1997,  
  ISBN ="0-8493-8523-7",
  LCCN ="QA76.9.A25 M463 1997",  
  series = "The CRC Press series on discrete mathematics and its  
  applications",  
}

@booklet{booklet_example,
 author = {Fester Zester},
 title = {My life story in 25 words or less},
 howpublished = "{A}vailable at \url{https://eprint.iacr.org/2015/939.pdf}",
 month = may,
 year = 2015
}

@conference{example_conference,
  title        = {The Effects of Hemlength Change},
  author       = {John Smythe and Jane Doer},
  year         = 2022,
  month        = {June},
  booktitle    = {Proceedings of the Annual Conference on Climate Change},
  publisher    = {Springer},
  address      = {Los Angeles, CA},
  pages        = {55--62},
  note         = {This is a sample entry for a paper in conference proceedings.},
  editor       = {Bob Johnson},
  organization = {Climate Change Association}
}

This entry omits series.
@Incollection{solvdeg_degreg,
  author={Ding, Jintai and Schmidt, Dieter},
  title={Solving Degree and Degree of Regularity for Polynomial Systems over a Finite Fields},
  booktitle={Number Theory and Cryptography: Papers in Honor of Johannes Buchmann on the Occasion of His 60th Birthday},
  year={2013},
  publisher={Springer},
  address={Berlin, Heidelberg},
  pages={34--49},
  isbn="978-3-642-42001-6",
  doi="10.1007/978-3-642-42001-6_4",
  url="https://doi.org/10.1007/978-3-642-42001-6_4"
}

@Incollection{mccurley1990odds,
  title={Odds and ends from cryptology and computational number theory},
  author={McCurley, Kevin S},
  editor={Carl Pomerance},
  booktitle={Cryptology and Computational Number Theory},
  series={Proceedings of Symposia in Applied Mathematics},
  publisher={American Mathematical Society},
  volume={42},
  pages={49--74},
  year={1990}
}

@incollection{mychapter,
  title        = {An incollection with a series},
  author       = {John Smith},
  year         = 2022,
  month        = {June},
  booktitle    = {The Book of Examples},
  publisher    = {Example Publisher},
  address      = {New York, NY},
  series       = {Example Book Series},
  volume       = 1,
  number       = 2,
  pages        = {123--130},
  editor       = {Jane Doe}
}

@incollection{without,
  title        = {An incollection without series},
  author       = {John Smith},
  year         = 2022,
  month        = {June},
  booktitle    = {The Book of Examples},
  publisher    = {Example Publisher},
  address      = {New York, NY},
  pages        = {123--130},
  editor       = {Jane Doe}
}

@inproceedings{FOCS:DolYao81,
  address = {Nashville, TN, USA},
  author =  {Danny Dolev and Andrew Chi-Chih Yao},
  booktitle =  {22nd Annual Symposium on Foundations of Computer
 Science},
  editor =  {},
  month =oct # {~28--30,},
  pages ={350--357},
  publisher =  {{IEEE} Computer Society Press},
  title ={On the Security of Public Key Protocols (Extended
 Abstract)},
  year = {1981},
  doi =  {10.1109/SFCS.1981.32},
}

@inproceedings{AC:BJMS20,
  address = {Daejeon, South Korea},
  author =  {Saikrishna Badrinarayanan and Aayush Jain and
 Nathan Manohar and Amit Sahai},
  booktitle =  {Advances in Cryptology -- {ASIACRYPT}~2020, Part~III},
  editor =  {Shiho Moriai and Huaxiong Wang},
  month =dec # {~7--11,},
  pages ={120--150},
  publisher =  {Springer, Heidelberg, Germany},
  series =  {Lecture Notes in Computer Science},
  title ={Secure {MPC}: Laziness Leads to {GOD}},
  volume =  {12493},
  year = {2020},
  doi =  {10.1007/978-3-030-64840-4_5},
}

@misc{WhiteCity,
  author =  {ZenGo},
  title ={{White-City}: {A} Framework For Massive MPC with
 Partial Synchrony and Partially Authenticated
 Channels},
  year = {2020},
  url =  {https://github.com/ZenGo-X/white-city/blob/master/White-
City-Report/whitecity_new.pdf},
}

@misc{EPRINT:DamEscPol21,
  author =  {Ivan Damg{\r a}rd and Daniel Escudero and
 Antigoni Polychroniadou},
  howpublished =  {Cryptology ePrint Archive, Report 2021/1376},
  note = {\url{https://eprint.iacr.org/2021/1376}},
  title ={Phoenix: Secure Computation in an Unstable Network
 with Dropouts and Comebacks},
  year = {2021},
}

@techreport{NISTPQC:CRYSTALS-KYBER22,  
  author = {Peter Schwabe and Roberto Avanzi and Joppe Bos and L{\'e}o Ducas and Eike Kiltz and Tancr{\`e}de Lepoint and
  Vadim Lyubashevsky and John M. Schanck and Gregor Seiler and Damien Stehl{\'e} and Jintai Ding}, 
  title  = {{CRYSTALS-KYBER}},
  institution  = {{N}ational {I}nstitute of {S}tandards and {T}echnology}, 
  year= 2022,  
  note= {available at \url{https://csrc.nist.gov/Projects/post-quantum-cryptography/selected-algorithms-2022}},
}


@Misc{EPRINT:OEMOS21,
  author = "Ozgun Ozerk and
Can Elgezen and
Ahmet Can Mert and
Erdinc Ozturk and 
Erkay Savas",  
  title =  "Efficient Number Theoretic Transform Implementation on {GPU} for Homomorphic Encryption", 
  year =2021,
  month = 2,
  howpublished = "Cryptology ePrint Archive, Report 2021/124", 
  url ="https://eprint.iacr.org/2021/124"
}  
@Manual{TLS,
  key = "TLS", 
  author = "Tim Dierks and 
Christopher Allen",  
  title =  "{RFC} 2246 - The {TLS} Protocol Version 1.0",
  organization = "Internet Activities Board",   
  class =  "rfc", 
  month =  jan,
  year =1999,  
}

@Manual{SKey,  
  key = "RFC", 
  author = "Neil Haller and
Craig Metz and 
Philip J. {Nesser II} and  
Mike Straw",
  title =  "{RFC} 2289: A One-Time Password System",  
  organization = "Internet Activities Board",
  class =  "exke",
  month =  feb,
  year =1998,  
}

@phdthesis{K96,
  Author = {Kohel, D.}, 
  School = {University of California at Berkeley}, 
  Title = {Endomorphism rings of elliptic curves over finite fields},
  Year = 1996}

@thesis{Sto12,
  author= {Stolbunov, Anton},
  title = {Cryptographic schemes based on isogenies},
  year  = {2012},
  date  = {2012-01}, 
  groups= {Isogenies},
  institution = {Norges teknisk-naturvitenskapelige universitet, Fakultet for informasjonsteknologi, matematikk og elektroteknikk, Institutt for telematikk},
  type  = {phdthesis}
}  

@mastersthesis{ch,  
  author = "D. Lewin",  
  title = "Consistent hashing and random trees: Algorithms for caching in distributed networks",
  school = {MIT}, 
  year = "1998" }

@unpublished{doe,
  author = {John Doe},
  title = {The Importance of Unpublished Sources},
  institution = {University of Example},
  note = {Personal Correspondence},
  year = {2022},
}

@proceedings{2018-proc-sac-2017,
 booktitle = {{Selected areas in cryptography---SAC 2017, 24th international conference, revised selected papers}},
 doi = {10.1007/978-3-319-72565-9},
 editor = {Zachary Zuster and Wanda Wild},
 isbn = {978-3-319-72564-2},
 key = {1},
 publisher = {Springer},
 series = {Lecture Notes in Computer Science},
 title = {{Selected areas in cryptography---SAC 2017, 24th international conference, revised selected papers}},
 volume = {10719},
 month = {August 16--18},
 number = {2},
 address = {Ottawa, ON, Canada}, 
 year = {2018}
}

@phdthesis{dipl,
  Author = {Kohel, D.}, 
  School = {Darmstadt University},
  Title = {Endomorphism rings of elliptic curves over finite fields},
  type = {Diplomarbeit},
  Year = 1996}

@thesis{mathesis,
  Author = {A. Mauland},
  title = {Realizing distributed RSA using secure multiparty computations},
  type={mathesis},
  school={Norwegian University of Science and Technology},
  month={July},
  year={2009}
}