@article{yan2009primality,
  title={Primality testing and integer factorization in public-key cryptography},
  author={Yan, Song Y},
  year={2009},
  publisher={Springer}
}
@ARTICLE{Sreedhar2022-bs,
  title   = "Fast large-integer extended {GCD} algorithm and hardware design
             for verifiable delay functions and modular inversion",
  author  = "Sreedhar, Kavya and Horowitz, Mark and Torng, Christopher",
  journal = "IACR Transactions on Cryptographic Hardware and Embedded Systems",
  pages   = "163--187",
  year    =  2022
}

@inproceedings{harris1997srt,
	title={{SRT} division architectures and implementations},
	author={Harris, David L and Oberman, Stuart F and Horowitz, Mark A},
	booktitle={Proceedings 13th IEEE Sympsoium on Computer Arithmetic},
	pages={18--25},
	year={1997},
	organization={IEEE}
}
@article{kornerup2009correcting,
	title={Correcting the normalization shift of redundant binary representations},
	author={Kornerup, Peter},
	journal={IEEE Transactions on Computers},
	volume={58},
	number={10},
	pages={1435--1439},
	year={2009},
	publisher={IEEE}
}
phdthesis{goldschmidt1964applications,
	title={Applications of division by convergence},
	author={Goldschmidt, Robert E},
	year={1964},
	school={Massachusetts Institute of Technology}
}

@ARTICLE{1961Signed,
  author={Avizienis, Algirdas},
  journal={IRE Transactions on Electronic Computers}, 
  title={Signed-Digit Numbe Representations for Fast Parallel Arithmetic}, 
  year={1961},
  volume={EC-10},
  number={3},
  pages={389-400},
  doi={10.1109/TEC.1961.5219227}}

@misc{danyangzhu2022iacr,
	author = {Danyang Zhu and Jing Tian and Minghao Li and Zhongfeng Wang},
	title = {Low-latency Hardware Architecture for {VDF} Evaluation in Class Groups},
	howpublished = {Cryptology ePrint Archive, Paper 2022/755},
	year = {2022},
	note = {\url{https://eprint.iacr.org/2022/755}},
	url = {https://eprint.iacr.org/2022/755}
}
@inproceedings{liu2019design,
	title={A design and implementation of {Montgomery} modular multiplier},
	author={Liu, Ruirui and Li, Shuguo},
	booktitle={2019 IEEE International Symposium on Circuits and Systems (ISCAS)},
	pages={1--4},
	year={2019},
	organization={IEEE}
}
@article{asif2017highly,
	title={Highly parallel modular multiplier for elliptic curve cryptography in residue number system},
	author={Asif, Shahzad and Kong, Yinan},
	journal={Circuits, Systems, and Signal Processing},
	volume={36},
	number={3},
	pages={1027--1051},
	year={2017},
	publisher={Springer}
}
@article{ding2019low,
	title={A low-latency and low-cost {Montgomery} modular multiplier based on NLP multiplication},
	author={Ding, Jinnan and Li, Shuguo},
	journal={IEEE Transactions on Circuits and Systems II: Express Briefs},
	volume={67},
	number={7},
	pages={1319--1323},
	year={2019},
	publisher={IEEE}
}
@inproceedings{landerreche2020non,
	title={Non-interactive cryptographic timestamping based on verifiable delay functions},
	author={Landerreche, Esteban and Stevens, Marc and Schaffner, Christian},
	booktitle={International Conference on Financial Cryptography and Data Security},
	pages={541--558},
	year={2020},
	organization={Springer}
}
@inproceedings{fisch2019tight,
	title={Tight proofs of space and replication},
	author={Fisch, Ben},
	booktitle={Annual International Conference on the Theory and Applications of Cryptographic Techniques},
	pages={324--348},
	year={2019},
	organization={Springer}
}
@inproceedings{galindo2021fully,
	title={Fully distributed verifiable random functions and their application to decentralised random beacons},
	author={Galindo, David and Liu, Jia and Ordean, Mihair and Wong, Jin-Mann},
	booktitle={2021 IEEE European Symposium on Security and Privacy (EuroS\&P)},
	pages={88--102},
	year={2021},
	organization={IEEE}
}

@MISC{VDF_Alliance2019-uy,
	title        = "{VDF} Competition on {FPGA} - round2",
	author       = "{Eric Pearson}",
	month        =  sep,
	year         =  2019,
	howpublished = "\url{https://github.com/supranational/vdf-fpga-round2-results}",
	note         = "Accessed: 2022-3-NA",
	language     = "en"
}
@article{ozturk2019modular,
	title={Modular multiplication algorithm suitable for low-latency circuit implementations},
	author={{\"O}zt{\"u}rk, Erdin{\c{c}}},
	journal={Cryptology ePrint Archive},
	year={2019}
}

@inproceedings{boneh2019batching,
	title={Batching techniques for accumulators with applications to {IOPs} and stateless blockchains},
	author={Boneh, Dan and B{\"u}nz, Benedikt and Fisch, Ben},
	booktitle={Annual International Cryptology Conference},
	pages={561--586},
	year={2019},
	organization={Springer}
}
@inproceedings{lipmaa2012secure,
	title={Secure accumulators from euclidean rings without trusted setup},
	author={Lipmaa, Helger},
	booktitle={International Conference on Applied Cryptography and Network Security},
	pages={224--240},
	year={2012},
	organization={Springer}
}
@article{san2021llmonpro,
	title={{LLMonPro}: Low-Latency {Montgomery} Modular Multiplication Suitable for Verifiable Delay Functions},
	author={San, Ismail},
	journal={Cryptology ePrint Archive},
	year={2021}
}

@MISC{noauthor_2022-hx,
  title        = "Minimal {VDF} randomness beacon",
  author       = "{Minimal VDF Randomness Beacon}",
  booktitle    = "Ethereum Research",
  month        =  mar,
  year         =  2022,
  howpublished = "\url{https://ethresear.ch/t/minimal-vdf-randomness-beacon/3566}",
  note         = "Accessed: 2022-3-5",
  language     = "en"
}

@misc{cryptoeprint:2021:1292,
    author       = {Kavya Sreedhar and
		    Mark Horowitz and
		    Christopher Torng},
    title        = {A Fast Large-Integer Extended {GCD} Algorithm and Hardware Design for Verifiable Delay Functions and Modular Inversion},
    howpublished = {Cryptology ePrint Archive, Report 2021/1292},
    year         = {2021},
    note         = {\url{https://ia.cr/2021/1292}},
}
@MISC{VDF_alliance2019-wi,
  title        = "{VDF} Alliance {FPGA} Competition",
  author       = "{VDF alliance}",
  month        =  sep,
  year         =  2019,
  howpublished = "\url{https://www.vdfalliance.org/contest}",
  note         = "Accessed: 2022-3-6",
  language     = "en"
}
inproceedings{thyagarajan2021efficient,
  title={Efficient CCA Timed Commitments in Class Groups},
  author={Thyagarajan, Sri Aravinda Krishnan and Castagnos, Guilhem and Laguillaumie, Fabian and Malavolta, Giulio},
  booktitle={Proceedings of the 2021 ACM SIGSAC Conference on Computer and Communications Security},
  pages={2663--2684},
  year={2021}
}
@inproceedings{boneh2000timed,
  title={Timed commitments},
  author={Boneh, Dan and Naor, Moni},
  booktitle={Annual international cryptology conference},
  pages={236--254},
  year={2000},
  organization={Springer}
}

@article{bunz2017proofs,
  title={Proofs-of-delay and randomness beacons in {Ethereum}},
  author={B{\"u}nz, Benedikt and Goldfeder, Steven and Bonneau, Joseph},
  journal={IEEE Security and Privacy on the blockchain (IEEE S\&B)},
  year={2017}
}
@MISC{Chias_Network2019-jc,
  booktitle    = "{VDF} competition",
  author       = "{Chia's Network}",
  month        =  jul,
  year         =  2019,
  howpublished = "\url{https://github.com/Chia-Network/vdf-competition}",
  note         = "Accessed: 2022-3-NA",
  language     = "en"
}

@inproceedings{jacobson2002computational,
	title={Computational aspects of {NUCOMP}},
	author={Jacobson, Michael J and Poorten, Alfred J},
	booktitle={International Algorithmic Number Theory Symposium},
	pages={120--133},
	year={2002},
	organization={Springer}
}
@ARTICLE{Stillmaker2017-qz,
  title    = "Scaling equations for the accurate prediction of {CMOS} device
              performance from 180 nm to 7 nm",
  author   = "Stillmaker, Aaron and Baas, Bevan",
  journal  = "Integration (Amst.)",
  volume   =  58,
  pages    = "74--81",
  year     =  2017,
  language = "en"
}
@INPROCEEDINGS{zdygcd,
  author={Zhu, Danyang and Tian, Jing and Wang, Zhongfeng},
  booktitle={2021 IEEE International Symposium on Circuits and Systems (ISCAS)}, 
  title={Low-Latency Architecture for the Parallel Extended {GCD} Algorithm of Large Numbers}, 
  year={2021},
  volume={},
  number={},
  pages={1-5},
  doi={10.1109/ISCAS51556.2021.9401063}}



@inproceedings{DBLP:conf/ccs/ThyagarajanGBKS21,
  author    = {Sri Aravinda Krishnan Thyagarajan and
               Tiantian Gong and
               Adithya Bhat and
               Aniket Kate and
               Dominique Schr{\"{o}}der},
  editor    = {Yongdae Kim and
               Jong Kim and
               Giovanni Vigna and
               Elaine Shi},
  title     = {OpenSquare: Decentralized Repeated Modular Squaring Service},
  booktitle = {{CCS} '21: 2021 {ACM} {SIGSAC} Conference on Computer and Communications
               Security, Virtual Event, Republic of Korea, November 15 - 19, 2021},
  pages     = {3447--3464},
  publisher = {{ACM}},
  year      = {2021},
  url       = {https://doi.org/10.1145/3460120.3484809},
  doi       = {10.1145/3460120.3484809},
  timestamp = {Tue, 16 Nov 2021 13:43:43 +0100},
  biburl    = {https://dblp.org/rec/conf/ccs/ThyagarajanGBKS21.bib},
  bibsource = {dblp computer science bibliography, https://dblp.org}
}

@MISC{Ethereum2021-aw,
  title        = "Ethereum 2.0",
  author       = "{Ethereum}",
  year         =  2021,
  howpublished = "\url{https://ethereum.org/en/eth2/}",
  note         = "Accessed: 2022-3-6",
  language     = "en"
}

@MISC{Akashnil2019-uz,
  title        = "{{VDF} Competition}",
  booktitle    = "{Chia-Network}",
  author       = "{Akashnil}",
  year         =  2019,
  howpublished = "\url{https://github.com/Chia-Network/vdftrack1results/tree/main/akashnil}",
  language     = "en"
}
@INPROCEEDINGS{Zhu2021-du,
  title           = "Low-latency architecture for the parallel extended {GCD}
                     algorithm of large numbers",
  booktitle       = "2021 {IEEE} International Symposium on Circuits and
                     Systems ({ISCAS})",
  author          = "Zhu, Danyang and Tian, Jing and Wang, Zhongfeng",
  publisher       = "IEEE",
  year            =  2021
}

@article{han2020randchain,
  title={RandChain: Decentralised Randomness Beacon from Sequential Proof-of-Work.},
  author={Han, Runchao and Yu, Jiangshan and Lin, Haoyu},
  journal={IACR Cryptol. ePrint Arch.},
  volume={2020},
  pages={1033},
  year={2020}
}
@MISC{Dutta2019-hs,
  title        = "Fast reduction",
  booktitle    = "chia-vdf-competition",
  author       = "Dutta, Akashnil",
  year         =  2019,
  howpublished = "\url{https://github.com/Akashnil/chia-vdf-competition/tree/master/Entry1}",
  note         = "Accessed: 2021-6-4",
  language     = "en"
}


@article{ozturk2020design,
  title={Design and implementation of a low-latency modular multiplication algorithm},
  author={{\"O}zt{\"u}rk, Erdin{\c{c}}},
  journal={IEEE Transactions on Circuits and Systems I: Regular Papers},
  volume={67},
  number={6},
  pages={1902--1911},
  year={2020},
  publisher={IEEE}
}
@phdthesis{goldschmidt1964applications,
	title={Applications of division by convergence},
	author={Goldschmidt, Robert E},
	year={1964},
	school={Massachusetts Institute of Technology}
}
@techreport{sorenson1990k,
	title={The k-ary {GCD} algorithm},
	author={Sorenson, Jonathan},
	year={1990},
	institution={University of Wisconsin-Madison Department of Computer Sciences}
}
@article{schindler2021randrunner,
  title={Randrunner: Distributed randomness from trapdoor {VDFs} with strong uniqueness},
  author={Schindler, Philipp and Judmayer, Aljosha and Hittmeir, Markus and Stifter, Nicholas and Weippl, Edgar},
  year={2021}
}
@article{lenstra2017trustworthy,
  title={Trustworthy public randomness with sloth, unicorn, and trx},
  author={Lenstra, Arjen K and Wesolowski, Benjamin},
  journal={International Journal of Applied Cryptography},
  volume={3},
  number={4},
  pages={330--343},
  year={2017},
  publisher={Inderscience Publishers (IEL)}
}
@inproceedings{lai2019subvector,
  title={Subvector commitments with application to succinct arguments},
  author={Lai, Russell WF and Malavolta, Giulio},
  booktitle={Annual International Cryptology Conference},
  pages={530--560},
  year={2019},
  organization={Springer}
}
@inproceedings{thyagarajan2021efficient,
  title={Efficient {CCA} Timed Commitments in Class Groups},
  author={Thyagarajan, Sri Aravinda Krishnan and Castagnos, Guilhem and Laguillaumie, Fabian and Malavolta, Giulio},
  booktitle={Proceedings of the 2021 ACM SIGSAC Conference on Computer and Communications Security},
  pages={2663--2684},
  year={2021}
}
inproceedings{lipmaa2012secure,
  title={Secure accumulators from euclidean rings without trusted setup},
  author={Lipmaa, Helger},
  booktitle={International Conference on Applied Cryptography and Network Security},
  pages={224--240},
  year={2012},
  organization={Springer}
}
@incollection{buchmann2007binary,
  title={Binary quadratic forms},
  author={Buchmann, Johannes and Vollmer, Ulrich},
  booktitle={Binary Quadratic Forms},
  pages={9--20},
  year={2007},
  publisher={Springer}
}
@incollection{cohen1984heuristics,
	title={Heuristics on class groups of number fields},
	author={Cohen, Henri and Lenstra, Hendrik W},
	booktitle={Number Theory Noordwijkerhout 1983},
	pages={33--62},
	year={1984},
	publisher={Springer}
}
@article{mert2020low,
  title={Low-latency {ASIC} algorithms of modular squaring of large integers for {VDF} evaluation},
  author={Mert, Ahmet Can and {\"O}zt{\"u}rk, Erdinc and Savas, Erkay},
  journal={IEEE Transactions on Computers},
  year={2020},
  publisher={IEEE}
}

@inproceedings{abed2006vlsi,
	title={{VLSI} implementations of low-power leading-one detector circuits},
	author={Abed, Khalid H and Siferd, Raymond E},
	booktitle={Proceedings of the IEEE SoutheastCon 2006},
	pages={279--284},
	year={2006},
	organization={IEEE}
}
@article{buchmann1988key,
  title={A key-exchange system based on imaginary quadratic fields},
  author={Buchmann, Johannes and Williams, Hugh C.},
  journal={Journal of Cryptology},
  volume={1},
  number={2},
  pages={107--118},
  year={1988},
  publisher={Springer}
}

@inproceedings{attias2021implementation,
  title={Implementation Study of Two Verifiable Delay Functions},
  author={Attias, Vidal and Vigneri, Luigi and Dimitrov, Vassil},
  booktitle={2nd International Conference on Blockchain Economics, Security and Protocols (Tokenomics 2020)},
  year={2021},
  organization={Schloss Dagstuhl-Leibniz-Zentrum f{\"u}r Informatik}
}
@article{van2003note,
	title={A note on {NUCOMP}},
	author={van der Poorten, Alfred},
	journal={Mathematics of computation},
	volume={72},
	number={244},
	pages={1935--1946},
	year={2003}
}

@article{benet2017proof,
  title={Proof of replication},
  author={Benet, Juan and Dalrymple, David and Greco, Nicola},
  journal={Protocol Labs, July},
  volume={27},
  pages={20},
  year={2017}
}

@INPROCEEDINGS{zhu2020vdf,
  author={Zhu, Danyang and Song, Yifeng and Tian, Jing and Wang, Zhongfeng and Yu, Haobo},
  booktitle={2020 IEEE Asia Pacific Conference on Circuits and Systems (APCCAS)}, 
  title={An Efficient Accelerator of the Squaring for the Verifiable Delay Function Over a Class Group}, 
  year={2020},
  volume={},
  number={},
  pages={137-140},
  doi={10.1109/APCCAS50809.2020.9301680}}
@inproceedings{yun1986fast,
	title={A fast carry-free algorithm and hardware design for extended integer {GCD} computation},
	author={Yun, David YY and Zhang, Chang Nian},
	booktitle={Proceedings of the fifth ACM symposium on Symbolic and algebraic computation},
	pages={82--84},
	year={1986}
}
techreport{sorenson1990k,
	title={The k-ary {GCD} algorithm},
	author={Sorenson, Jonathan},
	year={1990},
	institution={University of Wisconsin-Madison Department of Computer Sciences}
}
@inproceedings{jebelean1993comparing,
  title={Comparing several {GCD} algorithms},
  author={Jebelean, Tudor},
  booktitle={Proceedings of IEEE 11th Symposium on Computer Arithmetic},
  pages={180--185},
  year={1993},
  organization={IEEE}
}

@article{lehmer1938euclid,
  title={{Euclid's} algorithm for large numbers},
  author={Lehmer, Derrick H},
  journal={The American Mathematical Monthly},
  volume={45},
  number={4},
  pages={227--233},
  year={1938},
  publisher={Taylor \& Francis}
}

@article{sedjelmaci2008parallel,
  title={A parallel extended {GCD} algorithm},
  author={Sedjelmaci, Sidi Mohamed},
  journal={Journal of Discrete Algorithms},
  volume={6},
  number={3},
  pages={526--538},
  year={2008},
  publisher={Elsevier}
}

@inproceedings{chen2014efficient,
  title={Efficient {GCD} computation for big integers on {Xeon} {Phi} coprocessor},
  author={Chen, Jie and Watson, William and Chen, Mayee F},
  booktitle={2014 9th IEEE International Conference on Networking, Architecture, and Storage},
  pages={113--117},
  year={2014},
  organization={IEEE}
}

@inproceedings{fujimoto2009high,
  title={High throughput multiple-precision {GCD} on the {CUDA} architecture},
  author={Fujimoto, Noriyuki},
  booktitle={2009 IEEE International Symposium on Signal Processing and Information Technology (ISSPIT)},
  pages={507--512},
  year={2009},
  organization={IEEE}
}

@inproceedings{iacr2020oyupoup,
    title= {A note on the low order assumption in class group of an imaginary quadratic number fields},
    author= {Karim Belabas and
		    Thorsten Kleinjung and
		    Antonio Sanso and
		    Benjamin Wesolowski},
    journal={IACR Cryptology ePrint Archive},
    volume={2020},
    pages={1310},
    year= {2020},
    note={\url{https://ia.cr/2020/1310}},
}

@inproceedings{boneh2018verifiable,
  title={Verifiable delay functions},
  author={Boneh, Dan and Bonneau, Joseph and B{\"u}nz, Benedikt and Fisch, Ben},
  booktitle={Annual international cryptology conference},
  pages={757--788},
  year={2018},
  organization={Springer}
}
@inproceedings{abed2006vlsi,
  title={{VLSI} implementations of low-power leading-one detector circuits},
  author={Abed, Khalid H and Siferd, Raymond E},
  booktitle={Proceedings of the IEEE SoutheastCon 2006},
  pages={279--284},
  year={2006},
  organization={IEEE}
}
@inproceedings{he2005area,
  title={An area efficient 64-bit square root carry-select adder for low power applications},
  author={He, Yajuan and Chang, Chip-Hong and Gu, Jiangmin},
  booktitle={2005 IEEE International Symposium on Circuits and Systems},
  pages={4082--4085},
  year={2005},
  organization={IEEE}
}
@article{rivest1996time,
  title={Time-lock puzzles and timed-release crypto},
  author={Rivest, Ronald L and Shamir, Adi and Wagner, David A},
  year={1996},
  publisher={Massachusetts Institute of Technology}
}
@INPROCEEDINGS{9524783,
  author={Song, Yifeng and Zhu, Danyang and Tian, Jing and Wang, Zhongfeng},
  booktitle={2020 IEEE 33rd International System-on-Chip Conference (SOCC)}, 
  title={A High-Speed Architecture for the Reduction in {VDF} Based on a Class Group}, 
  year={2020},
  volume={},
  number={},
  pages={147-152},
  doi={10.1109/SOCC49529.2020.9524783}}
@inproceedings{pietrzak2018simple,
  title={Simple verifiable delay functions},
  author={Pietrzak, Krzysztof},
  booktitle={10th innovations in theoretical computer science conference (itcs 2019)},
  year={2018},
  organization={Schloss Dagstuhl-Leibniz-Zentrum fuer Informatik}
}

@inproceedings{wesolowski2019efficient,
  title={Efficient verifiable delay functions},
  author={Wesolowski, Benjamin},
  booktitle={Annual International Conference on the Theory and Applications of Cryptographic Techniques},
  pages={379--407},
  year={2019},
  organization={Springer}
}

@article{Chia20,
 title={Binary quadratic forms},
 author={Long, Lipa},
 journal={https://github.com/Chia-Network/vdf-competition/blob/master/classgroups.pdf},
 year={2018},
 organization={Chia Network }
}

@article{Greenpaper20,
 title={The {Chia} network blockchain},
 author={Bram Cohen and Krzysztof Pietrzak},
 journal={https://www.chia.net/assets/ChiaGreenPaper.pdf},
 year={2019},
 organization={Chia Network }
}

@inproceedings{jebelean1993improving,
  title={Improving the multiprecision Euclidean algorithm},
  author={Jebelean, Tudor},
  booktitle={International Symposium on Design and Implementation of Symbolic Computation Systems},
  pages={45--58},
  year={1993},
  organization={Springer}
}
@article{flynn1970division,
  title={On division by functional iteration},
  author={Flynn, Michael J},
  journal={IEEE Transactions on Computers},
  volume={100},
  number={8},
  pages={702--706},
  year={1970},
  publisher={IEEE}
}

@article{boneh2018survey,
  title={A Survey of Two Verifiable Delay Functions.},
  author={Boneh, Dan and B{\"u}nz, Benedikt and Fisch, Ben},
  journal={IACR Cryptology ePrint Archive},
  volume={2018},
  pages={712},
  year={2018}
}

@book{granlund2015gnu,
  title={{GNU} {MP} 6.0 Multiple precision arithmetic library},
  author={Granlund, Torbjrn and others},
  year={2015},
  publisher={Samurai Media Limited}
}
@inproceedings{karatsuba1962multiplication,
  title={Multiplication of many-digital numbers by automatic computers},
  author={Karatsuba, Anatolii Alekseevich and Ofman, Yu P},
  booktitle={Doklady Akademii Nauk},
  volume={145},
  number={2},
  pages={293--294},
  year={1962},
  organization={Russian Academy of Sciences}
}

@INCOLLECTION{De_Feo2019-pq,
  title     = "Verifiable delay functions from supersingular isogenies and
               pairings",
  booktitle = "Lecture Notes in Computer Science",
  author    = "De Feo, Luca and Masson, Simon and Petit, Christophe and Sanso,
               Antonio",
  publisher = "Springer International Publishing",
  pages     = "248--277",
  year      =  2019,
  address   = "Cham"
}

@INCOLLECTION{Landerreche2020-ig,
  title     = "Non-interactive cryptographic timestamping based on verifiable
               delay functions",
  booktitle = "Financial Cryptography and Data Security",
  author    = "Landerreche, Esteban and Stevens, Marc and Schaffner, Christian",
  publisher = "Springer International Publishing",
  pages     = "541--558",
  year      =  2020,
  address   = "Cham"
}

@INCOLLECTION{Ephraim2020-sl,
  title     = "Continuous verifiable delay functions",
  booktitle = "Advances in Cryptology -- {EUROCRYPT} 2020",
  author    = "Ephraim, Naomi and Freitag, Cody and Komargodski, Ilan and Pass,
               Rafael",
  publisher = "Springer International Publishing",
  pages     = "125--154",
  year      =  2020,
  address   = "Cham"
}

@INCOLLECTION{Dottling2020-ze,
  title     = "Tight verifiable delay functions",
  booktitle = "Lecture Notes in Computer Science",
  author    = "D{\"o}ttling, Nico and Garg, Sanjam and Malavolta, Giulio and
               Vasudevan, Prashant Nalini",
  publisher = "Springer International Publishing",
  pages     = "65--84",
  year      =  2020,
  address   = "Cham"
}


