@InProceedings{MRM2020,
author="Kuchta, V.
and Sakzad, A.
and Stehl{\'e}, D.
and Steinfeld, R.
and Sun, S.-F.",
title="Measure-Rewind-Measure: Tighter Quantum Random Oracle Model Proofs for One-Way to Hiding and {CCA} Security",
booktitle="EUROCRYPT",
year="2020",
}

@inproceedings{MM11,
  author    = {D. Micciancio and
               P. Mol},
  title     = {Pseudorandom Knapsacks and the Sample Complexity of {LWE} Search-to-Decision
               Reductions},
  booktitle = {CRYPTO},
  year      = {2011}
}


@article{BLRS+18,
  author    = {S. Bai and
               T. Lepoint and
               A. Roux{-}Langlois and
               A. Sakzad and
               D. Stehl{\'{e}} and
               R. Steinfeld},
  title     = {Improved Security Proofs in Lattice-Based Cryptography: Using the
               {R\'{e}}nyi Divergence Rather than the Statistical Distance},
  journal   = {J. Cryptol.},
  year      = {2018}
}


@inproceedings{TESLA,
  author    = {Alkim, E. and
               Bindel, N. and
               Buchmann, J. and
              Dagdelen, {\"{O}}. and
                Eaton, E. and
               Gutoski, G. and
               Kr{\"{a}}mer, J. and
               Pawlega, F.},
  title     = {Revisiting {TESLA} in the Quantum Random Oracle Model},
  booktitle = {PQCrypto},
  year      = {2017}
}

@InProceedings{KLS18,
author="Kiltz, E. and Lyubashevsky, V. and Schaffner, C.",
title="A Concrete Treatment of {Fiat-Shamir} Signatures in the Quantum Random-Oracle Model",
booktitle="EUROCRYPT",
year="2018"
}

@InProceedings{anon,
author={Barbosa, M. and Barthe, G. and Doczkal, C. and Don, J. and Fehr, S. and Gr\'egoire, B. and Hu\-ang, Y.-H. and H\"ulsing, A. and Lee, Y. and Wu, X.},
title={Fixing and Mechanizing the Security Proof of {Fiat-Shamir} with Aborts and {Dilithium}},
booktitle = {CRYPTO},
year = 2023
}

@InProceedings{YZ21,
author="Yamakawa, T. and Zhandry, M.",
title="Classical vs Quantum Random Oracles",
booktitle="EUROCRYPT",
year="2021"
}

@InProceedings{LZ19,
author="Liu, Q. and Zhandry, M.",
title="Revisiting Post-quantum {Fiat-Shamir}",
booktitle="CRYPTO",
year="2019"
}

@INPROCEEDINGS{Z12b,
  author={Zhandry, M.},
  booktitle={{FOCS}}, 
  title={How to Construct Quantum Random Functions}, 
  year={2012}
}

@InProceedings{BZ13,
author="Boneh, D.
and Zhandry, M.",
title="Quantum-Secure Message Authentication Codes",
booktitle="EUROCRYPT",
year="2013"
}

@article{vEH14,
  title={R{\'e}nyi Divergence and {Kullback-Leibler} Divergence},
  author={T. van Erven and P. Harremo{\"e}s},
  journal={IEEE Transactions on Information Theory},
  year={2014}
}

@book{ChuangNielsen,
	author = {Nielsen, M. A. and Chuang, I. L.},
	title = {Quantum Computation and Quantum Information},
	year = {2011},
	publisher = {Cambridge University Press}
}

@InProceedings{AHU19,
author="Ambainis, A.
and Hamburg, M.
and Unruh, D.",
booktitle="CRYPTO",
year="2019",
title="Quantum Security Proofs Using Semi-classical Oracles"
}

@InProceedings{DFMS19,
author="Don, J.
and Fehr, S.
and Majenz, C.
and Schaffner, C.",
title="Security of the {Fiat-Shamir} Transformation in the Quantum Random-Oracle Model",
booktitle="CRYPTO",
year="2019"
}

@InProceedings{FS86,
author="Fiat, A.
and Shamir, A.",
title="How To Prove Yourself: Practical Solutions to Identification and Signature Problems",
booktitle="CRYPTO",
year="1986",
}

@inproceedings{Schnorr89,
  author    = {Schnorr, C.-P.},
  title     = {Efficient Identification and Signatures for Smart Cards (Abstract)},
  booktitle = {{EUROCRYPT}},
  year      = {1989}
}


@article{dilithium18, 
title={{CRYSTALS-Dilithium}: A Lattice-Based Digital Signature Scheme}, 
journal={{TCHES}}, 
author={Ducas, L. and Kiltz, E. and Lepoint, T. and Lyubashevsky, V. and Schwabe, P. and Seiler, G. and Stehlé, D.}, 
year={2018}}

@InProceedings{GHHM21,
author="Grilo, A.~B.
and H{\"o}velmanns, K.
and H{\"u}lsing, A.
and Majenz, C.",
title="Tight Adaptive Reprogramming in the {QROM}",
booktitle="ASIACRYPT",
year="2021"
}

@article{AFLT16,
  author    = {Abdalla, M. and Fouque, P.-A. and
               Lyubashevsky, V. and
               Tibouchi, M.},
  title     = {Tightly Secure Signatures From Lossy Identification Schemes},
  journal   = {J. Cryptol.},
  year      = {2016}
}

@inproceedings{Lyu12,
  title={Lattice Signatures Without Trapdoors},
  author={Lyubashevsky, V.},
  booktitle={{EUROCRYPT}},
  year={2012}
}

@inproceedings{Lyu09,
  title={{Fiat-Shamir} with Aborts: Applications to Lattice and Factoring-based Signatures},
  author={Lyubashevsky, V.},
  booktitle={{ASIACRYPT}},
  year={2009}
}

@inproceedings{ASY22,
  author    = {S. Agrawal and
               D. Stehl{\'{e}} and
               A. Yadav},
  title     = {Round-Optimal Lattice-Based Threshold Signatures, Revisited},
  booktitle = {{ICALP}},
  year      = {2022}
}

@inproceedings{DFPS22,
  author    = {J. Devevey and O. Fawzi and A. Passel{\`{e}}gue and  D. Stehl{\'{e}}},
  title     = {On Rejection Sampling in {Lyubashevsky's} Signature Scheme},
  booktitle = {{ASIACRYPT}},
  year      = {2022}
}

@inproceedings{BDFLSZ11,
  author    = {D. Boneh and
               {\"{O}}. Dagdelen and
               M. Fischlin and
               A. Lehmann and
               C. Schaffner and
               M. Zhandry},
  title     = {Random Oracles in a Quantum World},
  booktitle = {{ASIACRYPT}},
  year      = {2011}
}


@inproceedings{Lyu16,
  author    = {V. Lyubashevsky},
  title     = {Digital Signatures Based on the Hardness of Ideal Lattice Problems
               in All Rings},
  booktitle = {{ASIACRYPT}},
  year      = {2016}
}

@article{DOTT22,
  author    = {I. Damg{\aa}rd and
               C. Orlandi and
               A. Takahashi and
               M. Tibouchi},
  title     = {Two-Round $n$-out-of-$n$ and Multi-Signatures and Trapdoor Commitment
               from Lattices},
  journal   = {J. Cryptol.},
  year      = {2022}
}

@inproceedings{Katsumata21,
  author    = {S. Katsumata},
  title     = {A New Simple Technique to Bootstrap Various Lattice Zero-Knowledge
               Proofs to {QROM} Secure {NIZK}s},
  booktitle = {{CRYPTO}},
  year      = {2021}
}

@inproceedings{JS19,
  author    = {S. Jaques and
               J. M. Schanck},
  title     = {Quantum Cryptanalysis in the {RAM} Model: Claw-Finding Attacks on
               {SIKE}},
  booktitle = {{CRYPTO}},
  year      = {2019}
}

@InProceedings{BLL+15,
author="Bai, S.
and Langlois, A.
and Lepoint, T.
and Stehl{\'e}, D.
and Steinfeld, R.",
title="ASIACRYPT",
year="2015",
}

@InProceedings{LSS14,
author="Langlois, A.
and Stehl{\'e}, D.
and Steinfeld, R.",
title="{GGHLite}: More Efficient Multilinear Maps from Ideal Lattices",
booktitle="{EUROCRYPT}",
year="2014"}

@InProceedings{Zha19,
author="Zhandry, M.",
title="How to Record Quantum Queries, and Applications to Quantum Indifferentiability",
booktitle="CRYPTO",
year="2019"
}


@article{Regev09,
  author    = {O. Regev},
  title     = {On lattices, learning with errors, random linear codes, and cryptography},
  journal   = {Journal of the {ACM}},
  year      = {2009}
}


@inproceedings{BBEFGRT18,
  author    = {G. Barthe and
               S. Bela{\"{\i}}d and
               T. Espitau and
               P.{-}A. Fouque and
               B. Gr{\'{e}}goire and
               M. Rossi and
               M. Tibouchi},
  title     = {Masking the {GLP} Lattice-Based Signature Scheme at Any Order},
  booktitle = {{EUROCRYPT}},
  year      = {2018}
}

@inproceedings{BBEFRT19,
  author    = {G. Barthe and
               S. Bela{\"{\i}}d and
               T. Espitau and
               P.{-}A. Fouque and
               M. Rossi and
               M. Tibouchi},
  title     = {{GALACTICS:} Gaussian Sampling for Lattice-Based Constant- Time Implementation
               of Cryptographic Signatures, Revisited},
  booktitle = {{CCS}},
  year      = {2019}
}

@inproceedings{MGTF19,
  author    = {V. Migliore and
               B. G{\'{e}}rard and
               M. Tibouchi and
               P.{-}A. Fouque},
  title     = {Masking {Dilithium} - Efficient Implementation and Side-Channel Evaluation},
  booktitle = {{ACNS}},
  year      = {2019}
}

@inproceedings{DPSZ12,
  author    = {I. Damg{\aa}rd and
               V. Pastro and
               N. P. Smart and
               S. Zakarias},
  title     = {Multiparty Computation from Somewhat Homomorphic Encryption},
  booktitle = {{CRYPTO}},
  year      = {2012}
}

@inproceedings{CLMQ21,
  author    = {Y. Chen and
               A. Lombardi and
               F. Ma and
               W. Quach},
  title     = {Does {Fiat-Shamir} Require a Cryptographic Hash Function?},
  booktitle = {{CRYPTO}},
  year      = {2021}
}

@misc{DFPS23,
      author = {Julien Devevey and Pouria Fallahpour and Alain Passelègue and Damien Stehlé},
      title = {A Detailed Analysis of Fiat-Shamir with Aborts},
      howpublished = {Cryptology ePrint Archive, Paper 2023/245},
      year = {2023},
      note = {\url{https://eprint.iacr.org/2023/245}},
      url = {https://eprint.iacr.org/2023/245}
}

