@article{guler2012symmetry,
  title={Symmetry of convex sets and its applications to the extremal ellipsoids of convex bodies},
  author={G{\"u}ler, Osman and G{\"u}rtuna, Filiz},
  journal={Optimization Methods and Software},
  volume={27},
  number={4-5},
  pages={735--759},
  year={2012},
  publisher={Taylor \& Francis}
}

@book{ellipsoidbook,
  title={Ellipsoidal calculus for estimation and control},
  author={Kurzhanski, Alexander and V{\'a}lyi, Istv{\'a}n},
  year={1997},
  publisher={Springer}
}

@article{kalman1960new,
  title={A new approach to linear filtering and prediction problems},
  author={Kalman, Rudolph Emil},
  year={1960}
}

@article{IF:HanHorJoa00,
  title={Fusing information simultaneously corrupted by uncertainties with known bounds and random noise with known distribution},
  author={Hanebeck, Uwe D and Horn, Joachim},
  journal={Information Fusion},
  volume={1},
  number={1},
  pages={55--63},
  year={2000},
  publisher={Elsevier}
}

@article{WANG2019337,
title = {On equivalence of major relaxation methods for minimum ellipsoid covering intersection of ellipsoids},
journal = {Automatica},
volume = {103},
pages = {337-345},
year = {2019},
issn = {0005-1098},
doi = {https://doi.org/10.1016/j.automatica.2019.02.001},
url = {https://www.sciencedirect.com/science/article/pii/S0005109819300445},
author = {Zhiguo Wang and Xiaojing Shen and Yunmin Zhu},
keywords = {Set membership filter, The intersection of ellipsoids, S-procedure, Bounding ellipsoid, Multisensor fusion},
}

@inproceedings{STOC:BOST21,
  author    = {Joan Bruna and
               Oded Regev and
               Min Jae Song and
               Yi Tang},
  title     = {Continuous {LWE}},
  booktitle = {{STOC} '21: 53rd Annual {ACM} {SIGACT} Symposium on Theory of Computing,
               Virtual Event, Italy, June 21-25, 2021},
  pages     = {694--707},
  year      = {2021},
  url       = {https://doi.org/10.1145/3406325.3451000},
  doi       = {10.1145/3406325.3451000},
  timestamp = {Sat, 08 Jan 2022 02:24:28 +0100},
}

@article{CACM:LSGP+20,
  author    = {Moritz Lipp and
               Michael Schwarz and
               Daniel Gruss and
               Thomas Prescher and
               Werner Haas and
               Jann Horn and
               Stefan Mangard and
               Paul Kocher and
               Daniel Genkin and
               Yuval Yarom and
               Mike Hamburg and
               Raoul Strackx},
  title     = {Meltdown: reading kernel memory from user space},
  journal   = {Commun. {ACM}},
  volume    = {63},
  number    = {6},
  pages     = {46--56},
  year      = {2020},
  url       = {https://doi.org/10.1145/3357033},
  doi       = {10.1145/3357033},
  timestamp = {Thu, 25 Jun 2020 09:22:10 +0200},
  biburl    = {https://dblp.org/rec/journals/cacm/LippSGPHHMKGYHS20.bib},
  bibsource = {dblp computer science bibliography, https://dblp.org}
}

@article{CACM:KHFG+20,
  author    = {Paul Kocher and
               Jann Horn and
               Anders Fogh and
               Daniel Genkin and
               Daniel Gruss and
               Werner Haas and
               Mike Hamburg and
               Moritz Lipp and
               Stefan Mangard and
               Thomas Prescher and
               Michael Schwarz and
               Yuval Yarom},
  title     = {Spectre attacks: exploiting speculative execution},
  journal   = {Commun. {ACM}},
  volume    = {63},
  number    = {7},
  pages     = {93--101},
  year      = {2020}
}

@article{tsuno_cache,
author="TSUNOO, Y.",
title="Crypt-analysis of block ciphers implemented on computers with cache",
journal="Proc. ISITA2002, Oct.",
ISSN="",
publisher="",
year="2002",
month="",
volume="",
number="",
pages="",
URL="https://ci.nii.ac.jp/naid/10026863967/en/",
DOI="",
}

@article{BKZ,
  author    = {Claus{-}Peter Schnorr and
               M. Euchner},
  title     = {Lattice basis reduction: Improved practical algorithms and solving
               subset sum problems},
  journal   = {Math. Program.},
  volume    = {66},
  pages     = {181--199},
  year      = {1994}
}

@misc{nistFrodo, 
title={FrodoKEM: 
Practical quantum-secure key encapsulation from generic lattices}, 
url={https://frodokem.org/}, 
author={Alkim, Erdem and 
Bos, Joppe W. and
Ducas, LÃ©o and
Longa, Patrick and
Mironov, Ilya and 
Naehrig, Michael and 
Nikolaenko, Valeria and
Peikert, Chris and
Raghunathan, Ananth and
Stebila, Douglas and
Easterbrook, Karen and
LaMacchia Brian}, 
year={2022}, 
month={Apr}
} 

@article{ePrint:FKKD+22,
  title={When Frodo Flips: End-to-End Key Recovery on FrodoKEM via Rowhammer},
  author={Fahr Jr, Michael and Kippen, Hunter and Kwong, Andrew and Dang, Thinh and Lichtinger, Jacob and Dachman-Soled, Dana and Genkin, Daniel and Nelson, Alexander and Perlner, Ray and Yerukhimovich, Arkady and others},
  journal={Cryptology ePrint Archive},
  year={2022}
}

@misc{Kirk2015,
    author = {Daniel Kirkwood and Bradley C. Lackey and John McVey and Mark Motley and Jerome A. Solinas and David Tuller},
    title = {Failure is not an Option: Standardization Issues for Post-Quantum Key Agreement},
    year = {2015},
    note = {\url{https://csrc.nist.gov/csrc/media/events/workshop-on-cybersecurity-in-a-post-quantum-world/documents/presentations/session7-motley-mark.pdf}},
}

@inproceedings{ISCA:KDKF+14,
  author    = {Yoongu Kim and
               Ross Daly and
               Jeremie S. Kim and
               Chris Fallin and
               Ji{-}Hye Lee and
               Donghyuk Lee and
               Chris Wilkerson and
               Konrad Lai and
               Onur Mutlu},
  title     = {Flipping bits in memory without accessing them: An experimental study
               of {DRAM} disturbance errors},
  booktitle = {{ACM/IEEE} 41st International Symposium on Computer Architecture,
               {ISCA} 2014, Minneapolis, MN, USA, June 14-18, 2014},
  pages     = {361--372},
  publisher = {{IEEE} Computer Society},
  year      = {2014}
}


@techreport{NISTReport3,
   author = {Gorjan Alagic and Daniel Apon and David Cooper and Quynh Dang and Thinh Dang and John Kelsey and Jacob Lichtinger and Carl Miller and Dustin Moody and Rene Peralta and Ray Perlner and Angela Robinson and Daniel Smith-Tone and Yi-Kai Liu},
   title = {Status Report on the Third Round of the NIST Post-Quantum Cryptography Standardization Process},
   institution = {U.S. Department of Commerce},
   address = {Washington, D.C.},
   number = {: NIST Internal Report (NISTIR) 8413},
   DOI = {10.6028/NIST.IR.8413},
   year = {2022},
}


@techreport{NISTReport2,
  author    = {Gorjan Alagic and Jacob Alperin-Sheriff and Daniel Apon and David Cooper and Quynh Dang and John Kelsey and Yi-Kai Liu and Carl Miller and Dustin Moody and Rene Peralta and Ray Perlner and Angela Robinson and Daniel Smith-Tone},
  title     = {Status Report on the Second Round of the NIST Post-Quantum Cryptography Standardization Process},
  institution = {U.S. Department of Commerce},
	address = {Washington, D.C.},
  number = {: NIST Internal Report (NISTIR) 8309},
	DOI = {10.6028/NIST.IR.8309},
  year = {2020}
}

@article{Fus:HanHor00,
  author    = {Uwe D. Hanebeck and
               Joachim Horn},
  title     = {Fusing Information Simultaneously Corrupted by Uncertainties with
               Known Bounds and Random Noise with Known Distribution},
  journal   = {Inf. Fusion},
  volume    = {1},
  number    = {1},
  pages     = {55--63},
  year      = {2000},
  url       = {https://doi.org/10.1016/S1566-2535(00)00005-1},
  doi       = {10.1016/S1566-2535(00)00005-1},
  timestamp = {Thu, 20 Feb 2020 15:54:25 +0100},
  biburl    = {https://dblp.org/rec/journals/inffus/HanebeckH00.bib},
  bibsource = {dblp computer science bibliography, https://dblp.org}
}

@inproceedings{RAS:Khachiyan79,
  title={A polynomial algorithm in linear programming},
  author={Khachiyan, Leonid Genrikhovich},
  booktitle={Doklady Akademii Nauk},
  volume={244},
  number={5},
  pages={1093--1096},
  year={1979},
  organization={Russian Academy of Sciences}
}

@article{MOR:Lenstra83,
  author    = {Hendrik W. Lenstra Jr.},
  title     = {Integer Programming with a Fixed Number of Variables},
  journal   = {Math. Oper. Res.},
  volume    = {8},
  number    = {4},
  pages     = {538--548},
  year      = {1983},
  url       = {https://doi.org/10.1287/moor.8.4.538},
  doi       = {10.1287/moor.8.4.538},
  timestamp = {Wed, 14 Nov 2018 10:15:31 +0100},
  biburl    = {https://dblp.org/rec/journals/mor/Lenstra83.bib},
  bibsource = {dblp computer science bibliography, https://dblp.org}
}

@inproceedings{albrecht:hal-00776434,
  TITLE = {{On the complexity of the Arora-Ge Algorithm against LWE}},
  AUTHOR = {Albrecht, Martin and Cid, Carlos and Faug{\`e}re, Jean-Charles and Fitzpatrick, Robert and Perret, Ludovic},
  URL = {https://hal.inria.fr/hal-00776434},
  BOOKTITLE = {{SCC 2012 -- Third international conference on Symbolic Computation and Cryptography}},
  ADDRESS = {Castro Urdiales, Spain},
  PAGES = {93-99},
  YEAR = {2012},
  MONTH = {Jul},
  PDF = {https://hal.inria.fr/hal-00776434/file/SCC_AG_2012.pdf},
  HAL_ID = {hal-00776434},
  HAL_VERSION = {v1},
}