@misc{opramdepth, 
 author = {Hubert Chan and Kai-Min Chung and Elaine Shi},
 title = {On the Depth of Oblivious Parallel ORAM},
 howpublished = {manuscript},
 year = 2017,
}

@misc{kartikopram,
    author = {Kartik Nayak and Jonathan Katz},
    title = {An Oblivious Parallel RAM with $O(\log^2 N)$ Parallel Runtime Blowup},
    howpublished = {Cryptology ePrint Archive, Report 2016/1141},
    year = {2016},
    note = {\url{http://eprint.iacr.org/2016/1141}},
}

@misc{opramlowerbound,
 author = {T-H. Hubert Chan and Kai-Min Chung and Wei-Kai Lin and Feng-Hao Liu and Elaine Shi},
 title = {New Lower Bounds for Oblivious Simulation of {PRAMs}},
 howpublished = {Manuscript in preparation},
}

@inproceedings{logstar,
 author = {Hagerup, Torben},
 title = {The Log-Star Revolution},
 series = {STACS '92},
 year = {1992},
 isbn = {3-540-55210-3},
 pages = {259--278},
 numpages = {20},
 acmid = {694504},
 publisher = {Springer-Verlag},
 address = {London, UK, UK},
} 

@inproceedings{parallelhash,
 author = {Bast, Holger and Hagerup, Torben},
 booktitle = {Proceedings of the Third Annual ACM Symposium on Parallel Algorithms and Architectures},
 series = {SPAA '91},
 year = {1991},
 isbn = {0-89791-438-4},
 pages = {50--61},
 numpages = {12},
 publisher = {ACM},
 address = {New York, NY, USA},
} 


@article{recursivestartree,
 author = {Berkman, Omer and Vishkin, Uzi},
 title = {Recursive Star-tree Parallel Data Structure},
 journal = {SIAM J. Comput.},
 issue_date = {April 1993},
 volume = {22},
 number = {2},
 month = apr,
 year = {1993},
 issn = {0097-5397},
 pages = {221--242},
 numpages = {22},
} 

@inproceedings{aks,
 author = {Ajtai, M. and Koml\'{o}s, J. and Szemer{\'e}di, E.},
 title = {An {O}(N Log N) Sorting Network},
 booktitle = {Proceedings of the Fifteenth Annual ACM Symposium on Theory of Computing},
 series = {STOC '83},
 year = {1983},
 isbn = {0-89791-099-0},
 pages = {1--9},
 numpages = {9},
 url = {http://doi.acm.org/10.1145/800061.808726},
 doi = {10.1145/800061.808726},
 acmid = {808726},
 publisher = {ACM},
 address = {New York, NY, USA},
} 

@inproceedings{zigzag,
 author = {Goodrich, Michael T.},
 title = {Zig-zag Sort: A Simple Deterministic Data-oblivious Sorting Algorithm Running in O(N Log N) Time},
 booktitle = {Proceedings of the 46th Annual ACM Symposium on Theory of Computing},
 series = {STOC '14},
 year = {2014},
 isbn = {978-1-4503-2710-7},
 location = {New York, New York},
 pages = {684--693},
 numpages = {10},
 url = {http://doi.acm.org/10.1145/2591796.2591830},
 doi = {10.1145/2591796.2591830},
 acmid = {2591830},
 publisher = {ACM},
 address = {New York, NY, USA},
} 


@inproceedings{pramsim,
  author    = {Torben Hagerup},
  title     = {Fast and Optimal Simulations between {CRCW} PRAMs},
  booktitle = {{STACS} 92, 9th Annual Symposium on Theoretical Aspects of Computer
               Science, Cachan, France, February 13-15, 1992, Proceedings},
  pages     = {45--56},
  year      = {1992},
}

@inproceedings{oramlowerbound,
  author    = {Elette Boyle and
               Moni Naor},
  title     = {Is There an Oblivious {RAM} Lower Bound?},
  booktitle = {Proceedings of the 2016 {ACM} Conference on Innovations in Theoretical
               Computer Science, Cambridge, MA, USA, January 14-16, 2016},
  pages     = {357--368},
  year      = {2016},
}


@inproceedings{cltopram,
  author    = {Binyi Chen and
               Huijia Lin and
               Stefano Tessaro},
  title     = {Oblivious Parallel {RAM:} Improved Efficiency and Generic Constructions},
  booktitle = {Theory of Cryptography - 13th International Conference, {TCC} 2016-A,
               Tel Aviv, Israel, January 10-13, 2016, Proceedings, Part {II}},
  pages     = {205--234},
  year      = {2016},
}


@misc{fullversion,
   title={Anonymous Online Full Version},
   howpublished={\url{http://anonymouspapers.org/trustedhardware/}},
}




@inproceedings{zhangcrosstenant,
  author    = {Yinqian Zhang and
               Ari Juels and
               Michael K. Reiter and
               Thomas Ristenpart},
  title     = {Cross-Tenant Side-Channel Attacks in PaaS Clouds},
  booktitle = {CCS},
  year      = {2014},
}

@inproceedings{faultinject01,
  author    = {Jasper G. J. van Woudenberg and
               Marc F. Witteman and
               Federico Menarini},
  title     = {Practical Optical Fault Injection on Secure Microcontrollers},
  booktitle = {FDTC},
  year      = {2011},
}

@inproceedings{acousticattack,
  author    = {Daniel Genkin and
               Adi Shamir and
               Eran Tromer},
  title     = {{RSA} Key Extraction via Low-Bandwidth Acoustic Cryptanalysis},
  booktitle = {CRYPTO},
  year      = {2014},
}

@inproceedings{faultinject00,
 author = {Skorobogatov, Sergei P. and Anderson, Ross J.},
 title = {Optical Fault Induction Attacks},
 booktitle = {CHES},
 year = {2003},
} 

@INPROCEEDINGS{readmem, 
 author={Samyde, D. and Skorobogatov, S. and Anderson, R. and Quisquater, J.-J.}, 
 booktitle={Security in Storage Workshop, 2002. Proceedings. First International IEEE}, title={On a new way to read data from memory}, 
 year={2002}, 
}


@article{electromag,
title = "Electromagnetic radiation from video display units: An eavesdropping risk?",
journal = "Computers \& Security",
year = "1985",
author = "Wim van Eck"
}


@inproceedings{diffpower,
 author = {Kocher, Paul C. and Jaffe, Joshua and Jun, Benjamin},
 title = {Differential Power Analysis},
 booktitle = {CRYPTO},
 year = {1999},
} 

@misc{securefirmware,
 author = {Brian Richadson},
 title ={The Tricky World of Securing Firmware},
 howpublished = {\url{https://blogs.intel.com/evangelists/2015/02/20/tricky-world-securing-firmware/}}
}
@misc{rowhammer,
 title = {Row hammer},
 howpublished = {\url{https://en.wikipedia.org/wiki/Row_hammer}}
}

@inproceedings{DBLP:conf/sp/CostelloFHKKNPZ15,
  author    = {Craig Costello and
               C{\'{e}}dric Fournet and
               Jon Howell and
               Markulf Kohlweiss and
               Benjamin Kreuter and
               Michael Naehrig and
               Bryan Parno and
               Samee Zahur},
  title     = {Geppetto: Versatile Verifiable Computation},
  booktitle = {S\& P},
  year      = {2015},
}

@inproceedings{vbbgeneric,
  author    = {Zvika Brakerski and
               Guy N. Rothblum},
  title     = {Virtual Black-Box Obfuscation for All Circuits via Generic Graded
               Encoding},
  booktitle = {TCC},
  year      = {2014},
}

@inproceedings{Hu92,
 author = {Hu, Wei-Ming},
 title = {Lattice Scheduling and Covert Channels},
 booktitle = {S\&P},
 year = {1992},
} 

@article{tromer10,
  author    = {Eran Tromer and
               Dag Arne Osvik and
               Adi Shamir},
  title     = {Efficient Cache Attacks on AES, and Countermeasures},
  journal   = {J. Cryptology},
  volume    = {23},
  number    = {1},
  pages     = {37--71},
  year      = {2010},
}

@inproceedings{peepingtom,
title = {Peeping Tom in the Neighborhood: Keystroke Eavesdropping on Multi-User Systems},
author = {Kehuan Zhang and XiaoFeng Wang},
booktitle = {USENIX Security},
year = {2009},
}

@misc{osvdb,
 title = {Open Source Vulnerability Database},
 howpublished = {\url{http://osvdb.org/}}
}

@misc{cvemitre,
 title = {Common Vulnerabilities and Exposures},
 howpublished = {\url{https://cve.mitre.org/}}
} 

@article{hardwareobf,
  author    = {Nico D{\"{o}}ttling and
               Thilo Mie and
               J{\"{o}}rn M{\"{u}}ller{-}Quade and
               Tobias Nilges},
  title     = {Basing Obfuscation on Simple Tamper-Proof Hardware Assumptions},
  journal   = {{IACR} Cryptology ePrint Archive},
  volume    = {2011},
  pages     = {675},
  year      = {2011},
}


@misc{mbed,
title = {mbed TLS}, 
howpublished = {\url{https://tls.mbed.org/}},
}

@misc{ntl,
 title = {NTL: A Library for doing Number Theory},
 author = {Victor Shoup},
 howpublished = {\url{http://www.shoup.net/ntl/}},
}

@inproceedings{resettableuchw,
 author = {D\"{o}ttling, Nico and Mie, Thilo and M\"{u}ller-Quade, J\"{o}rn and Nilges, Tobias},
 title = {Implementing Resettable UC-Functionalities with Untrusted Tamper-proof Hardware-tokens},
 booktitle = {TCC},
 year = 2013,
} 

@inproceedings{fehw,
  author    = {Kai{-}Min Chung and
               Jonathan Katz and
               Hong{-}Sheng Zhou},
  title     = {Functional Encryption from (Small) Hardware Tokens},
  booktitle = {ASIACRYPT},
  year      = {2013},
}

@inproceedings{obfleakyhw,
  author    = {Nir Bitansky and
               Ran Canetti and
               Shafi Goldwasser and
               Shai Halevi and
               Yael Tauman Kalai and
               Guy N. Rothblum},
  title     = {Program Obfuscation with Leaky Hardware},
  booktitle = {ASIACRYPT},
  year      = {2011},
}

@inproceedings{hwcrypto,
  author    = {Vipul Goyal and
               Yuval Ishai and
               Amit Sahai and
               Ramarathnam Venkatesan and
               Akshay Wadia},
  title     = {Founding Cryptography on Tamper-Proof Hardware Tokens},
  booktitle = {TCC},
  year      = {2010},
}

@inproceedings{onetimeprog,
  author    = {Shafi Goldwasser and
               Yael Tauman Kalai and
               Guy N. Rothblum},
  title     = {One-Time Programs},
  booktitle = {CRYPTO},
  year      = {2008},
}

@book{savagebook,
 author = {Savage, John E.},
 title = {Models of Computation: Exploring the Power of Computing},
 year = {1997},
 isbn = {0201895390},
 edition = {1st},
 publisher = {Addison-Wesley Longman Publishing Co., Inc.},
 address = {Boston, MA, USA},
} 


@misc{haskellcslowdown,
 howpublished = {\url{http://stackoverflow.com/questions/6964392/speed-comparison-with-project-euler-c-vs-python-vs-erlang-vs-haskell}}, 
}



@misc{personalshai,
  howpublished = {Personal communication with Shai Halevi},
}


@inproceedings{halfgates,
  author    = {Samee Zahur and
               Mike Rosulek and
               David Evans},
  title     = {Two Halves Make a Whole - Reducing Data Transfer in Garbled Circuits
               Using Half Gates},
  booktitle = {EUROCRYPT},
  year      = {2015},
}

@misc{idashoblivm,
  author    = {Xiao Shaun Wang and
               Chang Liu and
               Kartik Nayak and
               Yan Huang and
               Elaine Shi},
  title     = {{iDASH} Secure Genome Analysis Competition Using ObliVM},
  howpublished = {\url{ia.cr/2015/191}},
  volume    = {2015},
}

@InProceedings{vercrypto03,
  author = {Karthikeyan Bhargavan and C\'edric Fournet and Andrew D. Gordon and Stephen Tse},
  title = {Verified Interoperable Implementations of Security Protocols},
  booktitle = {CSF},
  year =  2006
}


@inproceedings{vercrypto02,
 author = {Bhargavan, Karthikeyan and Fournet, C{\'e}dric and Corin, Ricardo and Zalinescu, Eugen},
 title = {Cryptographically Verified Implementations for {TLS}},
 booktitle = {CCS},
 year = {2008},
} 


@inproceedings{vercrypto01,
  author    = {Lennart Beringer and
               Adam Petcher and
               Katherine Q. Ye and
               Andrew W. Appel},
  title     = {Verified Correctness and Security of OpenSSL {HMAC}},
  booktitle = {Usenix Security},
  year      = {2015},
}

@article{vercrypto00,
 author = {Appel, Andrew W.},
 title = {Verification of a Cryptographic Primitive: SHA-256},
 journal = {ACM Trans. Program. Lang. Syst.},
 issue_date = {April 2015},
 volume = {37},
 number = {2},
 month = apr,
 year = {2015},
 issn = {0164-0925},
 pages = {7:1--7:31},
} 

@inproceedings{secverilogplus,
 author = {Andrew Ferraiuolo and Yao Wang and Rui Xu and Danfeng Zhang and Andrew Myers and G. Edward Suh},
 title = {Full-Processor Timing Channel Protection with
Applications to Secure Hardware Compartments},
 howpublished = {Manuscript},
 year = 2015
}

@inproceedings{secverilog,
  author    = {Danfeng Zhang and
               Yao Wang and
               G. Edward Suh and
               Andrew C. Myers},
  title     = {A Hardware Design Language for Timing-Sensitive Information-Flow Security},
  booktitle = {ASPLOS},
  year      = {2015},
}

@inproceedings{caisson,
  author    = {Xun Li and
               Mohit Tiwari and
               Jason Oberg and
               Vineeth Kashyap and
               Frederic T. Chong and
               Timothy Sherwood and
               Ben Hardekopf},
  title     = {Caisson: a hardware description language for secure information flow},
  booktitle = {PLDI},
  year      = {2011},
}

@inproceedings{sapper,
  author    = {Xun Li and
               Vineeth Kashyap and
               Jason K. Oberg and
               Mohit Tiwari and
               Vasanth Ram Rajarathinam and
               Ryan Kastner and
               Timothy Sherwood and
               Ben Hardekopf and
               Frederic T. Chong},
  title     = {Sapper: a language for hardware-level security policy enforcement},
  booktitle = {ASPLOS},
  year      = {2014},
}

@article{glift,
  author    = {Mohit Tiwari and
               Xun Li and
               Hassan M. G. Wassel and
               Bita Mazloom and
               Shashidhar Mysore and
               Frederic T. Chong and
               Timothy Sherwood},
  title     = {Gate-Level Information-Flow Tracking for Secure Architectures},
  journal   = {{IEEE} Micro},
  volume    = {30},
  number    = {1},
  pages     = {92--100},
  year      = {2010},
}


@misc{sriniccswtalk,
 author = {Srini Devadas},
 title = {Invited Talk at {CCSW}'14, Memorial Session for {Emil Stefanov}},
 year = 2014,
}

@misc{sgxexplained,
 author = {Victor Costan and Srini Devadas},
 title = {Intel {SGX} Explained},
 howpublished = {Manuscript},
 year = 2015
}

@article{infoflow02,
 author = {Sabelfeld, A. and Myers, A. C.},
 title = {Language-based Information-flow Security},
 journal = {IEEE J.Sel. A. Commun.},
 issue_date = {September 2006},
 volume = {21},
 number = {1},
 month = sep,
 year = {2006},
 issn = {0733-8716},
 pages = {5--19},
 numpages = {15},
} 

@article{infoflow01,
 author = {Denning, Dorothy E. and Denning, Peter J.},
 title = {Certification of Programs for Secure Information Flow},
 journal = {Commun. ACM},
 issue_date = {July 1977},
 volume = {20},
 number = {7},
 month = jul,
 year = {1977},
 issn = {0001-0782},
 pages = {504--513},
 numpages = {10},
 acmid = {359712},
 publisher = {ACM},
 address = {New York, NY, USA},
} 

@inproceedings{infoflow00,
 author = {Cohen, Ellis},
 title = {Information Transmission in Computational Systems},
 booktitle = {SOSP},
 year = {1977},
} 


@inproceedings{pass04,
  author    = {Kai{-}Min Chung and
               Huijia Lin and
               Rafael Pass},
  title     = {Constant-Round Concurrent Zero Knowledge from P-Certificates},
  booktitle = {54th Annual {IEEE} Symposium on Foundations of Computer Science (FOCS)},
  pages     = {50--59},
  year      = {2013},
}

@inproceedings{pass03,
  author    = {Rafael Pass},
  title     = {Concurrent Security and Non-malleability},
  booktitle = {Theory of Cryptography - 8th Theory of Cryptography Conference (TCC)},
  pages     = {540},
  year      = {2011},
}

@inproceedings{pass02,
  author    = {Huijia Lin and
               Rafael Pass and
               Muthuramakrishnan Venkitasubramaniam},
  title     = {A unified framework for concurrent security: universal composability
               from stand-alone non-malleability},
  booktitle = {Annual {ACM} Symposium on Theory of Computing (STOC)},
  pages     = {179--188},
  year      = {2009},
}

@article{pass01,
  author    = {Rafael Pass and
               Alon Rosen},
  title     = {Concurrent Nonmalleable Commitments},
  journal   = {{SIAM} J. Comput.},
  volume    = {37},
  number    = {6},
  pages     = {1891--1925},
  year      = {2008},
}

@inproceedings{pass00,
  author    = {Huijia Lin and
               Rafael Pass},
  title     = {Concurrent Non-Malleable Zero Knowledge with Adaptive Inputs},
  booktitle = {Theory of Cryptography - 8th Theory of Cryptography Conference, {TCC}
               2011, Providence, RI, USA, March 28-30, 2011. Proceedings},
  pages     = {274--292},
  year      = {2011},
}

@inproceedings{policysealeddata,
author = {Nuno Santos and Rodrigo Rodrigues and Krishna P. Gummadi and Stefan Saroiu},
title = {Policy-Sealed Data: A New Abstraction for Building Trusted Cloud Services },
booktitle = {21st USENIX Security Symposium},
year = {2012},
pages = {175--188},
}


@inproceedings{zknot,
  author    = {Matthew Fredrikson and
               Benjamin Livshits},
  title     = {Z{\O}: An Optimizing Distributing Zero-Knowledge Compiler},
  booktitle = {Proceedings of the 23rd {USENIX} Security Symposium, San Diego, CA,
               USA, August 20-22, 2014.},
  pages     = {909--924},
  year      = {2014},
}

@inproceedings{buffet,
  author    = {Riad S. Wahby and
               Srinath T. V. Setty and
               Zuocheng Ren and
               Andrew J. Blumberg and
               Michael Walfish},
  title     = {Efficient {RAM} and control flow in verifiable outsourced computation},
  booktitle = {NDSS},
  year      = {2015},
}

@inproceedings{pinocchio,
        Author = {Parno, Bryan and Gentry, Craig and Howell, Jon and Raykova, Mariana},
        Booktitle = {S \& P},
        Title = {Pinocchio: Nearly practical verifiable computation},
        Year = {2013}}



@inproceedings{snarksforc,
  author    = {Eli Ben{-}Sasson and
               Alessandro Chiesa and
               Daniel Genkin and
               Eran Tromer and
               Madars Virza},
  title     = {SNARKs for {C:} Verifying Program Executions Succinctly and in Zero
               Knowledge},
  booktitle = {CRYPTO},
  year      = {2013},
}


@inproceedings{sharemind,
author={Bogdanov, Dan and Laur, Sven and Willemson, Jan},
title={{S}haremind: {A} {F}ramework for {F}ast {P}rivacy-{P}reserving {C}omputations},
booktitle={ESORICS},
year={2008},
}


@inproceedings{mpcansic,
 author = {Holzer, Andreas and Franz, Martin and Katzenbeisser, Stefan and Veith, Helmut},            
 title = {Secure Two-party Computations in ANSI C},
 booktitle = {ACM Conference on Computer and Communications Security (CCS)},
 year = {2012},
 pages = {772--783},
 numpages = {12},
} 

@inproceedings{pcf,
 author = {Kreuter, Ben and Mood, Benjamin and Shelat, Abhi and Butler, Kevin},
 title = {{PCF}: A Portable Circuit Format for Scalable Two-party Secure Computation},
 booktitle = {Usenix Security},
 year = {2013},
}   

@inproceedings{passmicropay,
 title = {Micropayments for Peer-to-peer currencies},
 author = {Rafael Pass and abhi shelat}, 
 booktitle = {ACM CCS},
 year = 2015,
}


@misc{gyges,
 author = {Ari Juels and Ahmed Kosba and Elaine Shi},
 title = {The Ring of Gyges: Using Smart Contracts for Crime},
 howpublished = {Manuscript},
 year = 2015
}

@misc{hawk,
    author = {Ahmed Kosba and Andrew Miller and Elaine Shi and Zikai Wen and Charalampos Papamanthou},
    title = {Hawk: The Blockchain Model of Cryptography and Privacy-Preserving Smart Contracts},
    howpublished = {Cryptology ePrint Archive, Report 2015/675},
    year = {2015},
    note = {\url{http://eprint.iacr.org/}},
}

@misc{abhi,
 howpublished = {Personal communication with abhi shelat},
}

@inproceedings{haven,
 author = {Baumann, Andrew and Peinado, Marcus and Hunt, Galen},
 title = {Shielding Applications from an Untrusted Cloud with Haven},
 booktitle = {OSDI},
 year = {2014},
} 

@INPROCEEDINGS{insecuredolevyao,
    author = {Michael Backes and Birgit Pfitzmann and Michael Waidner},
    title = {Soundness Limits of {Dolev-Yao} Models},
    booktitle = {Proceedings of the Workshop on Formal and Computational Cryptography (FCC)},
    year = {2006},
    pages = {136--145}
}

@techreport{dolevyao,
 author = {Dolev, Danny and Yao, Andrew C.},
 title = {On the Security of Public Key Protocols},
 year = {1981},
 publisher = {Stanford University},
 address = {Stanford, CA, USA},
} 

@inproceedings{verdatabase,
  title = {Toward a verified relational database management system},
  author = {Malecha, J. Gregory and Morrisett, Greg and Shinnar, Avraham and Wisnesky, Ryan},
  booktitle = {POPL},
  year = 2010,
}

@inproceedings{dataplanever,
author = {Mihai Dobrescu and Katerina Argyraki},
title = {Software Dataplane Verification},
booktitle = {11th USENIX Symposium on Networked Systems Design and Implementation (NSDI 14)},
year = {2014},
month = Apr,
}

@article{certifiedabstr,
 author = {Gu, Ronghui and Koenig, J{\'e}r{\'e}mie and Ramananandro, Tahina and Shao, Zhong and Wu, Xiongnan (Newman) and Weng, Shu-Chun and Zhang, Haozhong and Guo, Yu},
 title = {Deep Specifications and Certified Abstraction Layers},
 journal = {SIGPLAN Not.},
 issue_date = {January 2015},
 volume = {50},
 number = {1},
 month = jan,
 year = {2015},
 pages = {595--608},
} 


@article{vercompiler,
 author = {Leroy, Xavier},
 title = {Formal Verification of a Realistic Compiler},
 journal = {Commun. ACM},
 issue_date = {July 2009},
 volume = {52},
 number = {7},
 month = jul,
 year = {2009},
 pages = {107--115},
 numpages = {9},
} 



@inproceedings{robbertdsn14,
 author = {Schiper, Nicolas and Rahli, Vincent and Renesse, Robbert Van and Bickford, Marck and Constable, Robert L.},
 title = {Developing Correctly Replicated Databases Using Formal Tools},
 booktitle = {Proceedings of the 2014 44th Annual IEEE/IFIP International Conference on Dependable Systems and Networks},
 series = {DSN '14},
 year = {2014},
 pages = {395--406},
 numpages = {12},
} 

@inproceedings{ironclad,
  author    = {Chris Hawblitzel and
               Jon Howell and
               Jacob R. Lorch and
               Arjun Narayan and
               Bryan Parno and
               Danfeng Zhang and
               Brian Zill},
  title     = {Ironclad Apps: End-to-End Security via Automated Full-System Verification},
  booktitle = {11th {USENIX} Symposium on Operating Systems Design and Implementation,
               {OSDI} '14, Broomfield, CO, USA, October 6-8, 2014.},
  pages     = {165--181},
  year      = {2014},
}

@inproceedings{ironfleet,
 author = {Chris Hawblitzel and Jon Howell and Manos Kapritsos and Jacob R. Lorch and Bryan Parno and Michael L. Roberts and Srinath Setty and Brian Zill},
 title = {IronFleet: Proving Practical Distributed Systems Correct},
 booktitle = {SOSP},
 year = 2015, 
}

@misc{compcert,
 title = {CompCert},
 howpublished = {\url{http://compcert.inria.fr/}},
}

@inproceedings{cloudterminal,
 author = {Martignoni, Lorenzo and Poosankam, Pongsin and Zaharia, Matei and Han, Jun and McCamant, Stephen and Song, Dawn and Paxson, Vern and Perrig, Adrian and Shenker, Scott and Stoica, Ion},
 title = {Cloud Terminal: Secure Access to Sensitive Applications from Untrusted Systems},
 booktitle = {USENIX ATC},
 year = {2012},
} 

@misc{andrublog,
 howpublished = {\url{https://andrumyers.wordpress.com/}}
}

@inproceedings{egsnexus,
 author = {Sirer, Emin G\"{u}n and de Bruijn, Willem and Reynolds, Patrick and Shieh, Alan and Walsh, Kevin and Williams, Dan and Schneider, Fred B.},
 title = {Logical Attestation: An Authorization Architecture for Trustworthy Computing},
 booktitle = {Proceedings of the Twenty-Third ACM Symposium on Operating Systems Principles},
 series = {SOSP '11},
 year = {2011},
 pages = {249--264},
 numpages = {16},
} 

@inproceedings{rabinicalp12,
  author    = {Michael O. Rabin and
               Yishay Mansour and
               S. Muthukrishnan and
               Moti Yung},
  title     = {Strictly-Black-Box Zero-Knowledge and Efficient Validation of Financial Transactions},
  booktitle = {Automata, Languages, and Programming - 39th International Colloquium (ICALP) },
  pages     = {738--749},
  year      = {2012},
}

@article{parkesauction,
  author    = {David C. Parkes and
               Michael O. Rabin and
               Stuart M. Shieber and
               Christopher Thorpe},
  title     = {Practical secrecy-preserving, verifiably correct and trustworthy auctions},
  journal   = {Electronic Commerce Research and Applications},
  volume    = {7},
  number    = {3},
  pages     = {294--312},
  year      = {2008},
}

@inproceedings{auctionpamco15,
 author = {Larson, Maya and Hu, Chunqiang and Li, Ruinian and Li, Wei and Cheng, Xiuzhen},
 title = {Secure Auctions Without an Auctioneer via Verifiable Secret Sharing},
 booktitle = {Proceedings of the 2015 Workshop on Privacy-Aware Mobile Computing},
 series = {PAMCO '15},
 year = {2015},
 isbn = {978-1-4503-3523-2},
 location = {Hangzhou, China},
 pages = {1--6},
 numpages = {6},
 publisher = {ACM},
} 


@article{micaliauction,
 author = {Micali, Silvio and Rabin, Michael O.},
 title = {Cryptography Miracles, Secure Auctions, Matching Problem Verification},
 journal = {Commun. ACM},
 issue_date = {February 2014},
 volume = {57},
 number = {2},
 month = feb,
 year = {2014},
} 


@inproceedings{rocksalt,
author = {G. Morrisett and G. Tan and J. Tassarotti and J.B. Tristan and E. Gan.}, 
title = {RockSalt: Better, Faster, Stronger
the x86. },
booktitle={Conference on Programming Language Design and Implementation (PLDI)}, year = 2012
}


@inproceedings{krioukov2012building,
  title={Building application stack ({BAS})},
  author={Krioukov, Andrew and Fierro, Gabe and Kitaev, Nikita and Culler, David},
  booktitle={Proceedings of the Fourth ACM Workshop on Embedded Sensing Systems for Energy-Efficiency in Buildings},
  pages={72--79},
  year={2012},
  organization={ACM}
}

@article{walfishauction,
 author = {Angel, Sebastian and Walfish, Michael},
 title = {Verifiable Auctions for Online Ad Exchanges},
 journal = {SIGCOMM Comput. Commun. Rev.},
 issue_date = {October 2013},
 volume = {43},
 number = {4},
 month = aug,
 year = {2013},
} 

@inproceedings{anonize,
  author    = {Susan Hohenberger and
               Steven Myers and
               Rafael Pass and
               Abhi Shelat},
  title     = {{ANONIZE:} {A} Large-Scale Anonymous Survey System},
  booktitle = {{IEEE} Symposium on Security and Privacy},
  pages     = {375--389},
  year      = {2014},
}

@inproceedings{abhs05,
  author    = {Pedro Ad{\~{a}}o and
               Gergei Bana and
               Jonathan Herzog and
               Andre Scedrov},
  title     = {Soundness of Formal Encryption in the Presence of Key-Cycles},
  booktitle = {Computer Security - {ESORICS} 2005, 10th European Symposium on Research
               in Computer Security, Milan, Italy, September 12-14, 2005, Proceedings},
  pages     = {374--396},
  year      = {2005},
}

@inproceedings{mw04b,
 author = {Micciancio, Daniele and Warinschi, Bogdan},
 title = {Soundness of Formal Encryption in the Presence of Active Adversaries}, 
 booktitle = {Theory of Cryptography Conference (TCC)}, 
 year = 2004,
}


@article{mw04a,
 author = {Micciancio, Daniele and Warinschi, Bogdan},
 title = {Completeness Theorems for the {Abadi-Rogaway} Language of Encrypted Expressions},
 journal = {J. Comput. Secur.},
 issue_date = {January 2004},
 volume = {12},
 number = {1},
 month = jan,
 year = {2004},
 pages = {99--129},
 numpages = {31},
} 


@inproceedings{aj01,
  author    = {Mart{\'{\i}}n Abadi and
               Jan J{\"{u}}rjens},
  title     = {Formal Eavesdropping and Its Computational Interpretation},
  booktitle = {Theoretical Aspects of Computer Software, 4th International Symposium
               (TACS)},
  pages     = {82--94},
  year      = {2001},
}

@inproceedings{hg03,
  author    = {Omer Horvitz and
               Virgil D. Gligor},
  title     = {Weak Key Authenticity and the Computational Completeness of Formal
               Encryption},
  booktitle = {CRYPTO},
  pages     = {530--547},
  year      = {2003},
}

@inproceedings{jlm05,
  author    = {Romain Janvier and
               Yassine Lakhnech and
               Laurent Mazar{\'{e}}},
  title     = {Completing the Picture: Soundness of Formal Encryption in the Presence
               of Active Adversaries},
  booktitle = {Programming Languages and Systems, 14th European Symposium on Programming,ESOP
               2005, Held as Part of the Joint European Conferences on Theory and
               Practice of Software (ETAPS) },
  pages     = {172--185},
  year      = {2005},
}

@article{uclib,
  author    = {Michael Backes and
               Birgit Pfitzmann and
               Michael Waidner},
  title     = {A Universally Composable Cryptographic Library},
  journal   = {{IACR} Cryptology ePrint Archive},
  volume    = {2003},
  pages     = {15},
  year      = {2003},
}

@inproceedings{juc,
 title = {Universal Composition with Joint State}, 
 author = {Ran Canetti and Tal Rabin},
 booktitle = {CRYPTO},
 year = 2003
}

@article{reconciletwoviews,
  author    = {Mart{\'{\i}}n Abadi and
               Phillip Rogaway},
  title     = {Reconciling Two Views of Cryptography (The Computational Soundness
               of Formal Encryption)},
  journal   = {J. Cryptology},
  volume    = {20},
  number    = {3},
  pages     = {395},
  year      = {2007},
}

@article{uc-symbolic,
  author    = {Ran Canetti and
               Jonathan Herzog},
  title     = {Universally Composable Symbolic Security Analysis},
  journal   = {J. Cryptology},
  volume    = {24},
  number    = {1},
  pages     = {83--147},
  year      = {2011},
}

@inproceedings{rsim2,
  author    = {Birgit Pfitzmann and
               Michael Waidner},
  title     = {A Model for Asynchronous Reactive Systems and its Application to Secure
               Message Transmission},
  booktitle = {2001 {IEEE} Symposium on Security and Privacy, Oakland, California,
               {USA} May 14-16, 2001},
  pages     = {184--200},
  year      = {2001},
}

@article{pioa2,
  author    = {Ran Canetti and
               Ling Cheung and
               Dilsun Kirli Kaynar and
               Moses Liskov and
               Nancy A. Lynch and
               Olivier Pereira and
               Roberto Segala},
  title     = {Analyzing Security Protocols Using Time-Bounded Task-PIOAs},
  journal   = {Discrete Event Dynamic Systems},
  volume    = {18},
  number    = {1},
  pages     = {111--159},
  year      = {2008},
}

@inproceedings{pioa,
  author    = {Ran Canetti and
               Ling Cheung and
               Dilsun Kirli Kaynar and
               Moses Liskov and
               Nancy A. Lynch and
               Olivier Pereira and
               Roberto Segala},
  title     = {Time-Bounded Task-PIOAs: {A} Framework for Analyzing Security Protocols},
  booktitle = {Distributed Computing, 20th International Symposium, {DISC} 2006,
               Stockholm, Sweden, September 18-20, 2006, Proceedings},
  pages     = {238--253},
  year      = {2006},
}

@inproceedings{danieleucalt,
 author = {Micciancio, Daniele and Tessaro, Stefano},
 title = {An Equational Approach to Secure Multi-party Computation},
 booktitle = {Proceedings of the 4th Conference on Innovations in Theoretical Computer Science},
 series = {ITCS '13},
 year = {2013},
 pages = {355--372},
 numpages = {18},
} 


@inproceedings{symbolicuc,
 author = {Bohl, Florian and Unruh, Dominique},
 title = {Symbolic Universal Composability},
 booktitle = {Proceedings of the 2013 IEEE 26th Computer Security Foundations Symposium},
 series = {CSF '13},
 year = {2013},
 pages = {257--271},
 numpages = {15},
} 

@article{rsim,
 author = {Backes, Michael and Pfitzmann, Birgit and Waidner, Michael},
 title = {The Reactive Simulatability (RSIM) Framework for Asynchronous Systems},
 journal = {Inf. Comput.},
 volume = {205},
 number = {12},
 month = dec,
 year = {2007},
 pages = {1685--1720},
 numpages = {36},
} 

@inproceedings{uccot,
  author    = {Juan A. Garay and Philip MacKenzie and Ke Yang},
  title     = {Efficient and Universally Composable Committed Oblivious Transfer
               and Applications},
  booktitle = {Theory of Cryptography Conference (TCC)},
  pages     = {297--316},
  year      = {2004},
}

@misc{adaptiveucconstant,
 title = {Adaptively Secure {UC} Constant Round Multi-Party Computation},
 author = {Ivan Damg{\aa}rd and Antigoni Polychroniadou and Vanishree Rao}, 
 howpublished = {\url{https://eprint.iacr.org/2014/830.pdf}},
}

@inproceedings{breakucsig,
  author    = {Michael Backes and
               Dennis Hofheinz},
  title     = {How to Break and Repair a Universally Composable Signature Functionality},
  booktitle = {Information Security, 7th International Conference, {ISC} 2004, Palo
               Alto, CA, USA, September 27-29, 2004, Proceedings},
  pages     = {61--72},
  year      = {2004},
}

@inproceedings{dawn00,
 author = {Saxena, Prateek and Poosankam, Pongsin and McCamant, Stephen and Song, Dawn},
 title = {Loop-extended Symbolic Execution on Binary Programs},
 booktitle = {Proceedings of the Eighteenth International Symposium on Software Testing and Analysis},
 series = {ISSTA '09},
 year = {2009},
 location = {Chicago, IL, USA},
 pages = {225--236},
 numpages = {12},
} 

@inproceedings{dawn01,
  author    = {Juan Caballero and
               Zhenkai Liang and
               Pongsin Poosankam and
               Dawn Song},
  title     = {Towards Generating High Coverage Vulnerability-Based Signatures with
               Protocol-Level Constraint-Guided Exploration},
  booktitle = {Recent Advances in Intrusion Detection, 12th International Symposium,
               {RAID} 2009, Saint-Malo, France, September 23-25, 2009. Proceedings},
  year      = {2009},
  pages     = {161--181},
}



@inproceedings{dawn02,
 author = {Cho, Chia Yuan and Babi\'{c}, Domagoj and Shin, Eui Chul Richard and Song, Dawn},
 title = {Inference and Analysis of Formal Models of Botnet Command and Control Protocols},
 booktitle = {Proceedings of the 17th ACM Conference on Computer and Communications Security},
 series = {CCS '10},
 year = {2010},
 pages = {426--439},
 numpages = {14},
} 



@inproceedings{dawn03,
  author    = {Juan Caballero and
               Pongsin Poosankam and
               Stephen McCamant and
               Domagoj Babic and
               Dawn Song},
  title     = {Input generation via decomposition and re-stitching: finding bugs
               in Malware},
  booktitle = {Proceedings of the 17th {ACM} Conference on Computer and Communications
               Security, {CCS} 2010, Chicago, Illinois, USA, October 4-8, 2010},
  year      = {2010},
  pages     = {413--425},
}


@inproceedings{dawn04,
 author = {Thomas, Kurt and Grier, Chris and Ma, Justin and Paxson, Vern and Song, Dawn},
 title = {Design and Evaluation of a Real-Time URL Spam Filtering Service},
 booktitle = {Proceedings of the 2011 IEEE Symposium on Security and Privacy},
 series = {SP '11},
 year = {2011},
 pages = {447--462},
} 


@inproceedings{dawn05,
 author = {Babi\'{c}, Domagoj and Reynaud, Daniel and Song, Dawn},
 title = {Malware Analysis with Tree Automata Inference},
 booktitle = {Proceedings of the 23rd International Conference on Computer Aided Verification},
 series = {CAV'11},
 year = {2011},
 isbn = {978-3-642-22109-5},
 location = {Snowbird, UT},
 pages = {116--131},
} 

@inproceedings{dawn06,
  author    = {Steve Hanna and
               Rolf Rolles and
               Andres Molina{-}Markham and
               Pongsin Poosankam and
               Jeremiah Blocki and
               Kevin Fu and
               Dawn Song},
  title     = {Take Two Software Updates and See Me in the Morning: The Case for
               Software Security Evaluations of Medical Devices},
  booktitle = {2nd {USENIX} Workshop on Health Security and Privacy, HealthSec'11,
               San Francisco, CA, USA, August 9, 2011},
  year      = {2011},
}

@inproceedings{dawn07,
 author = {Cho, Chia Yuan and Babi\'{c}, Domagoj and Poosankam, Pongsin and Chen, Kevin Zhijie and Wu, Edward XueJun and Song, Dawn},
 title = {MACE: Model-inference-assisted Concolic Exploration for Protocol and Vulnerability Discovery},
 booktitle = {Proceedings of the 20th USENIX Conference on Security},
 series = {SEC'11},
 year = {2011},
 pages = {10--10},
 numpages = {1},
} 




@article{certicrypt,
 author = {Barthe, Gilles and Gr{\'e}goire, Benjamin and Zanella B{\'e}guelin, Santiago},
 title = {Formal Certification of Code-based Cryptographic Proofs},
 journal = {SIGPLAN Not.},
 issue_date = {January 2009},
 volume = {44},
 number = {1},
 month = jan,
 year = {2009},
 numpages = {12},
} 


@incollection{guc,
  title={Universally composable security with global setup},
  author={Canetti, Ran and Dodis, Yevgeniy and Pass, Rafael and Walfish, Shabsi},
  booktitle={TCC},
  year={2007},
}

@article{gnuc,
  author    = {Dennis Hofheinz and
               Victor Shoup},
  title     = {{GNUC:} {A} New Universal Composability Framework},
  journal   = {J. Cryptology},
  volume    = {28},
  number    = {3},
  pages     = {423--508},
  year      = {2015},
}


@inproceedings{spi,
 author = {Abadi, Mart\'{\i}n and Gordon, Andrew D.},
 title = {A Calculus for Cryptographic Protocols: The Spi Calculus},
 booktitle = {Proceedings of the 4th ACM Conference on Computer and Communications Security},
 series = {CCS '97},
 year = {1997},
 pages = {36--47},
 numpages = {12},
} 

@inproceedings{ucpass,
 author = {Camenisch, Jan and Lysyanskaya, Anna and Neven, Gregory},
 title = {Practical Yet Universally Composable Two-server Password-authenticated Secret Sharing},
 booktitle = {Proceedings of the 2012 ACM Conference on Computer and Communications Security},
 series = {CCS '12},
 year = {2012},
 location = {Raleigh, North Carolina, USA},
 pages = {525--536},
 numpages = {12},
} 

@inproceedings{ucsynccomp,
  author    = {Jonathan Katz and
               Ueli Maurer and
               Bj{\"{o}}rn Tackmann and
               Vassilis Zikas},
  title     = {Universally Composable Synchronous Computation},
  booktitle = {{TCC}},
  pages     = {477--498},
  year      = {2013},
}

@inproceedings{uczkp,
  author    = {Jan Camenisch and
               Stephan Krenn and
               Victor Shoup},
  title     = {A Framework for Practical Universally Composable Zero-Knowledge Protocols},
  booktitle = {ASIACRYPT},
 year = 2011,
}

@inproceedings{uccomm,
  author    = {Ran Canetti and
               Marc Fischlin},
  title     = {Universally Composable Commitments},
  booktitle = {Advances in Cryptology (CRYPTO)},
  pages     = {19--40},
  year      = {2001},
}

@inproceedings{uckeyex,
 author = {Canetti, Ran and Krawczyk, Hugo},
 title = {Universally Composable Notions of Key Exchange and Secure Channels},
 booktitle = {EUROCRYPT},
 year = {2002},
} 

@inproceedings{mvctcc15,
  author    = {S. Dov Gordon and
               Jonathan Katz and
               Feng{-}Hao Liu and
               Elaine Shi and
               Hong{-}Sheng Zhou},
  title     = {Multi-Client Verifiable Computation with Stronger Security Guarantees},
  booktitle = {Theory of Cryptography Conference (TCC)},
  pages     = {144--168},
  year      = {2015},
}

@inproceedings{ucmpc,
  author    = {Ran Canetti and
               Yehuda Lindell and
               Rafail Ostrovsky and
               Amit Sahai},
  title     = {Universally composable two-party and multi-party secure computation},
  booktitle = {Annual {ACM} Symposium on Theory of Computing},
  pages     = {494--503},
  year      = {2002},
}

@inproceedings{sigknowledge,
  author    = {Melissa Chase and
               Anna Lysyanskaya},
  title     = {On Signatures of Knowledge},
  booktitle = {Advances in Cryptology (CRYPTO)},
  pages     = {78--96},
  year      = {2006},
}

@misc{scytlvoting,
title ={Software Review and Security Analysis of Scytl Remote Voting Software},
author ={Michael Clarkson and Brian Hay and Meador Inge and abhi shelat and David Wagner and Alec Yasinsac},
howpublished = {Report commissioned by the Florida Division of Elections. September 19, 2008},
}

@inproceedings{telematicvoting,
 author = {Belleboni, Emilia P{\'e}rez and Gallardo, Justo Carracedo and Oliva, Ana G\'{o}mez and Garc\'{\i}a, Sergio S\'{a}nchez},
 title = {Analysis of Electronic and Telematic Voting Systems in Binding Experiences},
 booktitle = {Proceedings of the 6th Euro American Conference on Telematics and Information Systems},
 series = {EATIS '12},
 year = {2012},
 isbn = {978-1-4503-1012-3},
 location = {Valencia, Spain},
 pages = {25--32},
 numpages = {8},
} 

@misc{steveweiscryptotalk,
 author = {Stephen Weis},
 title = {Theory and Practice of Cryptography, Using Cryptography in Practice},
 howpublished = {Google Tech Talk by Stephen Weis, \url{https://www.youtube.com/watch?v=KDvt_0cafPw}},
}

@misc{tahoefs,
 title={Tahoe --  The Least-Authority File Store}, 
 howpublished = {\url{https://www.tahoe-lafs.org/trac/tahoe-lafs}}
}

@inproceedings{ads05,
  author    = {Michael T. Goodrich and
               Charalampos Papamanthou and
               Roberto Tamassia},
  title     = {On the Cost of Persistence and Authentication in Skip Lists},
  booktitle = {Experimental Algorithms, 6th International Workshop, {WEA} 2007},
  pages     = {94--107},
  year      = {2007},
}

@inproceedings{ads04,
  author    = {Roberto Tamassia and
               Nikos Triandopoulos},
  title     = {Certification and Authentication of Data Structures},
  booktitle = {Proceedings of the 4th Alberto Mendelzon International Workshop on
               Foundations of Data Management},
  year      = {2010},
}

@inproceedings{ads02,
  author    = {Michael T. Goodrich and
               Roberto Tamassia and
               Nikos Triandopoulos and
               Robert F. Cohen},
  title     = {Authenticated Data Structures for Graph and Geometric Searching},
  booktitle = {Topics in Cryptology - {CT-RSA} 2003, The Cryptographers' Track at
               the {RSA} Conference 2003, San Francisco, CA, USA, April 13-17, 2003,
               Proceedings},
  pages     = {295--313},
  year      = {2003},
}

@inproceedings{ads03,
  author    = {Roberto Tamassia},
  title     = {Authenticated Data Structures},
  booktitle = {Algorithms - {ESA} 2003, 11th Annual European Symposium, Budapest,
               Hungary, September 16-19, 2003, Proceedings},
  pages     = {2--5},
  year      = {2003},
}

@inproceedings{voting,
  title={Analysis of an electronic voting system},
  author={Kohno, Tadayoshi and Stubblefield, Adam and Rubin, Aviel D and Wallach, Dan S},
  booktitle={Security and Privacy, 2004. Proceedings. 2004 IEEE Symposium on},
  pages={27--40},
  year={2004},
  organization={IEEE}
}

@inproceedings{estonianvoting,
 author = {Springall, Drew and Finkenauer, Travis and Durumeric, Zakir and Kitcat, Jason and Hursti, Harri and MacAlpine, Margaret and Halderman, J. Alex},
 title = {Security Analysis of the Estonian Internet Voting System},
 booktitle = {Proceedings of the 2014 ACM SIGSAC Conference on Computer and Communications Security},
 series = {CCS '14},
 year = {2014},
 pages = {703--715},
} 

@article{msrc4misuse,
  author    = {Hongjun Wu},
  title     = {The Misuse of {RC4} in Microsoft Word and Excel},
  journal   = {{IACR} Cryptology ePrint Archive},
  volume    = {2005},
  pages     = {7},
  year      = {2005},
  url       = {http://eprint.iacr.org/2005/007},
}

@inproceedings{shopfree,
 author = {Wang, Rui and Chen, Shuo and Wang, XiaoFeng and Qadeer, Shaz},
 title = {How to Shop for Free Online -- Security Analysis of Cashier-as-a-Service Based Web Stores},
 booktitle = {Proceedings of the 2011 IEEE Symposium on Security and Privacy},
 series = {SP '11},
 year = {2011},
 pages = {465--480},
 numpages = {16},
} 

@inproceedings{ssoflaws,
 author = {Wang, Rui and Chen, Shuo and Wang, XiaoFeng},
 title = {Signing Me Onto Your Accounts Through Facebook and Google: A Traffic-Guided Security Study of Commercially Deployed Single-Sign-On Web Services},
 booktitle = {IEEE Symposium on Security and Privacy},
 series = {SP '12},
 year = {2012},
 isbn = {978-0-7695-4681-0},
 pages = {365--379},
 numpages = {15},
} 

@inproceedings{androidcryptoflaws,
 author = {Egele, Manuel and Brumley, David and Fratantonio, Yanick and Kruegel, Christopher},
 title = {An Empirical Study of Cryptographic Misuse in Android Applications},
 booktitle = {ACM SIGSAC Conference on Computer and Communications Security},
 series = {CCS '13},
 year = {2013},
 pages = {73--84},
 numpages = {12},
 publisher = {ACM},
} 

@misc{wolfcrypt,
 title = {{wolfCrypt}},
 howpublished = {\url{https://www.wolfssl.com/wolfSSL/Products-wolfcrypt.html}}
}

@misc{naclcrypto,
 title = {{NaCl}: Networking and Cryptography library},
 howpublished = {\url{http://nacl.cr.yp.to/}}
}

@misc{nettle,
 title = {Nettle -- a low-level cryptographic library},
 howpublished = {\url{http://www.lysator.liu.se/~nisse/nettle/}}
}

@misc{cryptlib,
 title = {cryptlib},
 howpublished ={\url{http://www.cryptlib.com}}
}
 
@misc{cryptopp,
 title = {Crypto++ Library}, 
 howpublished = {\url{http://www.cryptopp.com/}}
}

@misc{bouncycastle,
 title = {{Bouncy Castle Crypto APIs}},
 howpublished = {\url{https://www.bouncycastle.org/}}
}


@misc{talsoftware,
 title = {Typed Assembly Language Software Release},
 howpublished ={\url{http://www.cs.cornell.edu/talc/}}
}

@misc{cyclonesoftware,
 title = {Cyclone software release},
 howpublished ={\url{http://cyclone.thelanguage.org/}}
}

@misc{secverilogsoftware,
 title = {SecVerilog software release},
 howpublished = {\url{http://www.cs.cornell.edu/projects/secverilog/}}
}

@misc{lambdaauth,
 title = {$\lambda \bullet$ software release},
 howpublished = {\url{http://amiller.github.io/ads-pl/}}
}

@misc{polyglot,
 title = {Polyglot software release},
 howpublished ={\url{http://www.cs.cornell.edu/projects/polyglot/}}
}

@inproceedings{oblivm,
  author    = {Chang Liu and
               Xiao Shaun Wang and
               Kartik Nayak and
               Yan Huang and
               Elaine Shi},
  title     = {ObliVM: {A} Programming Framework for Secure Computation},
  booktitle = {S \& P},
  year      = {2015},
}

@misc{oblivmsite,
  title = {{ObliVM}},
  howpublished ={\url{www.oblivm.com}}
}

@misc{saucy,
  title = {{Super Amazing Universal ComposabilitY (SaUCy)}},
  howpublished = {\url{https://github.com/amiller/haskell-saucy}},
}

@inproceedings{sgxmapreduce-ccs15,
 title = {Observing and Preventing Leakage in {MapReduce}},
 author = {Olga Ohrimenko and Manuel Costa and Cedric Fournet and Christos Gkantsidis and Markulf Kohlweiss and Divya Sharma},
 booktitle = {ACM CCS},
 year = 2015,
}

@inproceedings{m2r,
author = {Tien Tuan Anh Dinh and Prateek Saxena and Ee-Chien Chang and Beng Chin Ooi and Chunwang Zhang},
title = {{M2R}: Enabling Stronger Privacy in {MapReduce} Computation},
booktitle = {USENIX Security},
year = {2015},
}

@inproceedings{spark,
 author = {Zaharia, Matei and Chowdhury, Mosharaf and Franklin, Michael J. and Shenker, Scott and Stoica, Ion},
 title = {Spark: Cluster Computing with Working Sets},
 booktitle = {Proceedings of the 2Nd USENIX Conference on Hot Topics in Cloud Computing},
 series = {HotCloud'10},
 year = {2010},
 location = {Boston, MA},
 pages = {10--10},
 numpages = {1},
 publisher = {USENIX Association},
 address = {Berkeley, CA, USA},
} 

@inproceedings{graphlab,
  author    = {Yucheng Low and
               Joseph Gonzalez and
               Aapo Kyrola and
               Danny Bickson and
               Carlos Guestrin and
               Joseph M. Hellerstein},
  title     = {{GraphLab}: {A} New Framework For Parallel Machine Learning},
  booktitle = {{UAI} 2010, Proceedings of the Twenty-Sixth Conference on Uncertainty
               in Artificial Intelligence, Catalina Island, CA, USA, July 8-11, 2010},
  pages     = {340--349},
  year      = {2010},
}

@article{mapreduce,
 author = {Dean, Jeffrey and Ghemawat, Sanjay},
 title = {{MapReduce}: Simplified Data Processing on Large Clusters},
 journal = {Commun. ACM},
 issue_date = {January 2008},
 volume = {51},
 number = {1},
 month = jan,
 year = {2008},
 pages = {107--113},
 numpages = {7},
}

@misc{zfs,
 title= {Oracle {ZFS} Storage Appliance}, 
 howpublished = {\url{https://www.oracle.com/storage/nas/index.html}}
}

@inproceedings{srinimonotoniccounter,
 author = {Sarmenta, Luis F. G. and van Dijk, Marten and O'Donnell, Charles W. and Rhodes, Jonathan and Devadas, Srinivas},
 title = {Virtual Monotonic Counters and Count-limited Objects Using a {TPM} Without a Trusted {OS}},
 booktitle = {Proceedings of the First ACM Workshop on Scalable Trusted Computing},
 series = {STC '06},
 year = {2006},
 pages = {27--42},
 numpages = {16},
 acmid = {1179485},
 publisher = {ACM},
} 

@inproceedings{asharov15,
  author    = {Gilad Asharov and
               Amos Beimel and
               Nikolaos Makriyannis and
               Eran Omri},
  title     = {Complete Characterization of Fairness in Secure Two-Party Computation
               of Boolean Functions},
  booktitle = {Theory of Cryptography Conference (TCC)},
  pages     = {199--228},
  year      = {2015},
}


@inproceedings{cleve86,
 author = {Cleve, R},
 title = {Limits on the Security of Coin Flips when Half the Processors Are Faulty},
 booktitle = {Proceedings of the Eighteenth Annual ACM Symposium on Theory of Computing},
 year = {1986},
 pages = {364--369},
} 

@inproceedings{ctpm,
  author    = {Chen Chen and
               Himanshu Raj and
               Stefan Saroiu and
               Alec Wolman},
  title     = {{cTPM}: {A} Cloud {TPM} for Cross-Device Trusted Applications},
  booktitle = {NSDI},
  year      = {2014},
}

@inproceedings{ucauth,
author = {Ran Canetti},
title = {Universally composable signature, certification, and authentication}, 
booktitle = {CSF},
year = 2004, 
}
 
@inproceedings{fcfsse,
  author    = {Adam Petcher and
               Greg Morrisett},
  title = {A Mechanized Proof of Security for Searchable Symmetric Encryption}, 
  booktitle = {CSF},
 year = 2015
}

@inproceedings{fcf,
  author    = {Adam Petcher and
               Greg Morrisett},
  title     = {The Foundational Cryptography Framework},
  booktitle = {Principles of Security and Trust - 4th International Conference, {POST}
               2015, Held as Part of the European Joint Conferences on Theory and
               Practice of Software, {ETAPS} 2015},
  pages     = {53--72},
  year      = {2015},
}

@misc{mercurial,
title ={Mercurial},
howpublished ={\url{https://mercurial.selenic.com/}}
}
 
@misc{git,
title ={Git},
howpublished ={\url{https://git-scm.com/}}
}
 

@misc{gnutls,
 title = {The {GnuTLS} Transport Layer Security Library},
 howpublished = {\url{http://www.gnutls.org/}}, 
}
@misc{tpmj,
 title = {{TPM/J}: Java-based API for the Trusted Platform Module (TPM)},
 howpublished = {\url{http://tpmj.sourceforge.net/}}
}

@misc{tbs,
 title = {{TPM} Base Services}, 
 howpublished  = {\url{https://msdn.microsoft.com/en-us/library/windows/desktop/aa446796(v=vs.85).aspx}},
}

@misc{cloudproxy,
    author = {Manferdelli, John and Roeder, Tom and Schneider, Fred},
    title = {The CloudProxy Tao for Trusted Computing},
    year = {2013},
    month = {Jul},
    howpublished = {UCB/EECS-2013-135,\url{http://www.eecs.berkeley.edu/Pubs/TechRpts/2013/EECS-2013-135.html}},
}

@misc{idashcomp,
 title = {i{D}ash Secure Genome Analysis Competition},
 howpublished = {http://www.humangenomeprivacy.org/2015/competition-tasks.html}
}


@misc{healthprize,
 title = {Heritage Health Prize}, 
 howpublished = {http://www.heritagehealthprize.com/c/hhp}
}

@misc{kaggle,
 title = {Kaggle},
 howpublished = {www.kaggle.com}
}

@misc{1000genome,
 title = {1000 Genomes},
 howpublished = {http://www.1000genomes.org/data}
}

@misc{diarrheal,
  title = {GEMS Study of Diarrheal Disease}, 
  howpublished = {http://www.cbcb.umd.edu/datasets/gems-study-diarrheal-disease},
}

@inproceedings{vc3,
 title = {{VC3}: Trustworthy Data Analytics in the Cloud}, 
 author = {Felix Schuster and Manuel Costa and Cedric Fournet and Christos Gkantsidis and Marcus Peinado
and Gloria Mainar-Ruiz and Mark Russinovich },
 booktitle= {IEEE S\& P},
 year = 2015
}

@misc{helibsite,
 author = {Shai Halevi},
 howpublished = {\url{https://github.com/shaih/HElib}} 
}

@inproceedings{helib,
  author    = {Shai Halevi and
               Victor Shoup},
  title     = {Algorithms in HElib},
  booktitle = {{CRYPTO}},
  pages     = {554--571},
  year      = {2014},
}

@inproceedings{helib01,
  author    = {Shai Halevi and
               Victor Shoup},
  title     = {Bootstrapping for HElib},
  booktitle = {Advances in Cryptology - {EUROCRYPT} 2015 - 34th Annual International
               Conference on the Theory and Applications of Cryptographic Techniques,
               Sofia, Bulgaria, April 26-30, 2015, Proceedings, Part {I}},
  pages     = {641--670},
  year      = {2015},
}

@inproceedings{freecursive,
  author    = {Christopher W. Fletcher and
               Ling Ren and
               Albert Kwon and
               Marten van Dijk and
               Srinivas Devadas},
  title     = {Freecursive {ORAM:} [Nearly] Free Recursion and Integrity Verification
               for Position-based Oblivious {RAM}},
  booktitle = {ASPLOS},
  year      = {2015},
}

@inproceedings{ghostrider,
 title = {GhostRider: A Hardware-Software System for Memory Trace
Oblivious Computation},
 author = {Chang Liu and Michael Hicks and Austin Harris and Mohit Tiwari and Martin Maas and Elaine Shi},
 booktitle = {ASPLOS},
 year = 2015,
}

@article{admm,
 author = {Boyd, Stephen and Parikh, Neal and Chu, Eric and Peleato, Borja and Eckstein, Jonathan},
 title = {Distributed Optimization and Statistical Learning via the Alternating Direction Method of Multipliers},
 journal = {Found. Trends Mach. Learn.},
 volume = {3},
 number = {1},
 month = jan,
 year = {2011},
 pages = {1--122},
 numpages = {122},
} 

@inproceedings{opram,
  author    = {Elette Boyle and
               Kai{-}Min Chung and
               Rafael Pass},
  title     = {Oblivious Parallel {RAM} and Applications},
  booktitle = {Theory of Cryptography - 13th International Conference, {TCC} 2016-A,
               Tel Aviv, Israel, January 10-13, 2016, Proceedings, Part {II}},
  pages     = {175--204},
  year      = {2016},
}

@misc{dcp,
 title = {RSA Distributed Credential Protection},
 howpublished = {\url{http://www.emc.com/security/rsa-distributed-credential-protection.htm}}
}

@misc{dyadic,
 title = {Dyadic Security},
 howpublished = {\url{http://www.dyadicsec.com/}}
}

@misc{partisia,
 title = {Partisia},
 howpublished = {\url{http://www.partisia.dk/}}
}

@inproceedings{affinetype,
    author={David Walker},
    title={Substructural Type Systems},
    booktitle = {Advanced Topics in Types and Programming Languages},
    year={2002}
}

@article{oblivtm,
 author = {Pippenger, Nicholas and Fischer, Michael J.},
 title = {Relations Among Complexity Measures},
 journal = {J. ACM},
 issue_date = {April 1979},
 volume = {26},
 number = {2},
 month = apr,
 year = {1979},
 pages = {361--381},
}
@article{infoflow,
 author = {Sabelfeld, A. and Myers, A. C.},
 title = {Language-based Information-flow Security},
 journal = {IEEE J.Sel. A. Commun.},
 volume = {21},
 number = {1},
 month = sep,
 year = {2006},
 pages = {5--19},
}

@inproceedings{chensidechannel,
 author = {Chen, Shuo and Wang, Rui and Wang, XiaoFeng and Zhang, Kehuan},
 title = {Side-Channel Leaks in Web Applications: A Reality Today, a Challenge Tomorrow},
 booktitle = {IEEE Symposium on Security and Privacy},
 year = {2010},
 pages = {191--206},
 numpages = {16},
}

@inproceedings{freexor02,
  author    = {Benny Applebaum},
  title     = {Garbling XOR Gates ``For Free'' in the Standard Model},
  booktitle = {TCC},
  year      = {2013},
}

@inproceedings{freexor01,
  author    = {Seung Geol Choi and
               Jonathan Katz and
               Ranjit Kumaresan and
               Hong-Sheng Zhou},
  title     = {On the Security of the ``Free-XOR" Technique},
  booktitle = {TCC},
  year      = {2012},
}


@inproceedings{freexor00,
  author    = {Vladimir Kolesnikov and
               Thomas Schneider},
  title     = {{I}mproved {G}arbled {C}ircuit: {Free} {XOR} {G}ates and {A}pplications},
  booktitle = {ICALP},
  year      = {2008},
}


@inproceedings{orampir,
    author = {Travis Mayberry and Erik-oliver Blass and Agnes Hui Chan},
    title = {Efficient Private File Retrieval by Combining ORAM and PIR},
    booktitle = {Network and Distributed System Security Symposium (NDSS)},
    year = 2014
}


@article{hide,
 author = {Zhuang, Xiaotong and Zhang, Tao and Pande, Santosh},
 title = {HIDE: an infrastructure for efficiently protecting information leakage on the address bus},
 journal = {SIGARCH Comput. Archit. News},
 issue_date = {December 2004},
 volume = {32},
 number = {5},
 month = oct,
 year = {2004},
 issn = {0163-5964},
 pages = {72--84},
 numpages = {13},
 acmid = {1024403},
 publisher = {ACM},
 address = {New York, NY, USA},
}


@article{cuckoo,
 author = {Pagh, Rasmus and Rodler, Flemming Friche},
 title = {Cuckoo Hashing},
 journal = {J. Algorithms},
 issue_date = {May 2004},
 volume = {51},
 number = {2},
 month = may,
 year = {2004},
 pages = {122--144},
 numpages = {23},
}


@article{classificationfhe,
  author    = {Raphael Bost and
               Raluca Ada Popa and
               Stephen Tu and
               Shafi Goldwasser},
  title     = {Machine Learning Classification over Encrypted Data},
  journal   = {IACR Cryptology ePrint Archive},
  volume    = {2014},
  year      = {2014},
  pages     = {331},
}


@inproceedings{matrixfacgc,
 author = {Nikolaenko, Valeria and Ioannidis, Stratis and Weinsberg, Udi and Joye, Marc and Taft, Nina and Boneh, Dan},
 title = {Privacy-preserving Matrix Factorization},
 booktitle = {CCS},
 year = {2013},
}

@inproceedings{shmatikovgraph,
  author    = {Justin Brickell and
               Vitaly Shmatikov},
  title     = {Privacy-Preserving Graph Algorithms in the Semi-honest Model},
  booktitle = {ASIACRYPT},
  year      = {2005},
}

@INPROCEEDINGS{wysteria,
  AUTHOR = {Aseem Rastogi and Matthew A. Hammer and Michael Hicks},
  TITLE = {Wysteria: {A} {P}rogramming {L}anguage for {G}eneric, {M}ixed-{M}ode {M}ultiparty {C}omputations},
  BOOKTITLE = {S \& P},
  YEAR = 2014
}



@inproceedings{pcf,
 author = {Kreuter, Ben and Mood, Benjamin and Shelat, Abhi and Butler, Kevin},
 title = {{PCF}: A Portable Circuit Format for Scalable Two-party Secure Computation},
 booktitle = {Usenix Security},
 year = {2013},
}

@inproceedings{phantomcarl,
 author = {Martin Maas and Eric Love and Emil Stefanov and Mohit Tiwari and Elaine Shi and Krste Asanovic and John Kubiatowicz and Dawn Song},
 title = {A High-Performance Oblivious {RAM} Controller on the Convey HC-2ex Heterogeneous Computing Platform},
 booktitle = {Workshop on the Intersections of Computer Architecture and Reconfigurable Logic (CARL)},
 year = 2013,
}


@article{xom,
 author = {Thekkath, David Lie Chandramohan and Mitchell, Mark and Lincoln, Patrick and Boneh, Dan and Mitchell, John and Horowitz, Mark},
 title = {Architectural support for copy and tamper resistant software},
 journal = {SIGOPS Oper. Syst. Rev.},
 issue_date = {Dec. 2000},
 volume = {34},
 number = {5},
 month = nov,
 year = {2000},
 issn = {0163-5980},
 pages = {168--177},
 numpages = {10},
}

@inproceedings{aegis,
 author = {Suh, G. Edward and Clarke, Dwaine and Gassend, Blaise and van Dijk, Marten and Devadas, Srinivas},
 title = {AEGIS: architecture for tamper-evident and tamper-resistant processing},
 booktitle = {International conference on Supercomputing},
 series = {ICS '03},
 year = {2003},
 pages = {160--171},
}


@inproceedings{lightweightlinear,
 author = {Mazurak, Karl and Zhao, Jianzhou and Zdancewic, Steve},
 title = {Lightweight Linear Types in System {F}$^\circ$},
 booktitle = {Proceedings of the 5th ACM SIGPLAN Workshop on Types in Language Design and Implementation},
 series = {TLDI '10},
 year = {2010},
 isbn = {978-1-60558-891-9},
 pages = {77--88},
 numpages = {12},
 publisher = {ACM},
 address = {New York, NY, USA},
 keywords = {linear logic, polymorphism, type systems},
}

@inproceedings{practicalaffine,
 author = {Tov, Jesse A. and Pucella, Riccardo},
 title = {Practical Affine Types},
 booktitle = {ACM SIGPLAN-SIGACT Symposium on Principles of Programming Languages},
 year = {2011},
 pages = {447--458},
 publisher = {ACM},
}

@misc{dporproject,
 howpublished = {\url{http://www.cs.umd.edu/~elaine/projects/dpor.html}},
}



@misc{oramproject,
 howpublished = {\url{http://www.cs.umd.edu/~elaine/projects/cloudoram.html}},
}

@misc{rust,
 title = {Rust},
 howpublished ={\url{http://www.rust-lang.org/}}
}

@inproceedings{clp,
        author={Kai-Min Chung and Zhenming Liu and Rafael Pass},
        title={Statistically-secure {ORAM} with $\tilde{O}(\log^2n)$ Overhead},
        year=2014,
        booktitle={Asiacrypt},
}

@misc{proverifsite,
 title = {ProVerif: Cryptographic protocol verifier in the formal model},
 howpublished = {\url{http://prosecco.gforge.inria.fr/personal/bblanche/proverif/}},
}

@misc{easycryptsite,
 title = {EasyCrypt: Computer-Aided Cryptographic Proofs},
 howpublished = {\url{https://www.easycrypt.info/trac/}},
}

@misc{coq,
 title = {The {C}oq Proof Assistant},
 howpublished = {\url{http://coq.inria.fr/}},
}

@inproceedings{walker2002,
 author={Walker, David},
 title={Substructural Type Systems},
 booktitle = {Advanced Topics in Types and Programming Languages},
 year = {2002},
 pages = {3-43}
}

@inproceedings{time-mitigation,
 author = {Zhang, Danfeng and Askarov, Aslan and Myers, Andrew C.},
 title = {Language-based Control and Mitigation of Timing Channels},
 booktitle = {PLDI '12},
 year = {2012},
 pages = {99--110},
}

@inproceedings{sabelfeld06,
  author    = {Alejandro Russo and
               John Hughes and
               David A. Naumann and
               Andrei Sabelfeld},
  title     = {Closing Internal Timing Channels by Transformation},
  booktitle = {ASIAN},
  year      = {2006},
}


@inproceedings{askarov10predictive,
  author    = {Aslan Askarov and
               Danfeng Zhang and
               Andrew C. Myers},
  title     = {Predictive black-box mitigation of timing channels},
  booktitle = {ACM Conference on Computer and Communications Security},
  year      = {2010},
  pages     = {297-307},
}

@INPROCEEDINGS{agat00transforming,
    author = {Johan Agat},
    title = {Transforming out Timing Leaks},
  BOOKTITLE = {POPL},
    year = {2000},
}


@inproceedings{easycrypt,
  title={Computer-aided security proofs for the working cryptographer},
  author={Barthe, Gilles and Gr{\'e}goire, Benjamin and Heraud, Sylvain and B{\'e}guelin, Santiago Zanella},
  booktitle={CRYPTO '11},
  pages={71--90},
  year={2011},
  publisher={Springer}
}

@article{proverif,
  title={Automatic verification of correspondences for security protocols},
  author={Blanchet, Bruno},
  journal={Journal of Computer Security},
  volume={17},
  number={4},
  pages={363--434},
  year={2009},
  publisher={IOS Press}
}

@inproceedings{fedefn,
 author = {Boneh, Dan and Sahai, Amit and Waters, Brent},
 title = {Functional Encryption: Definitions and Challenges},
  booktitle = {Theory of Cryptography Conference (TCC)},
 year = {2011},
 pages = {253--273},
}


@inproceedings{garbledramrevisit,
  author    = {Craig Gentry and
               Shai Halevi and
               Steve Lu and
               Rafail Ostrovsky and
               Mariana Raykova and
               Daniel Wichs},
  title     = {Garbled RAM Revisited},
  booktitle = {EUROCRYPT},
  year      = {2014},
  pages     = {405-422},
}

@inproceedings{gentryoutsourcedram,
  author    = {Craig Gentry and
               Shai Halevi and
               Mariana Raykova and
               Daniel Wichs},
  title     = {Outsourcing Private {RAM} Computation},
  booktitle = {FOCS},
  year      = {2014},
}


@misc{ramfe,
    author = {Daniel Apon and Xiong Fan and Jonathan Katz and Feng-Hao Liu and Elaine Shi and Hong-Sheng Zhou},
    title = {Non-Interactive Cryptography in the RAM Model of Computation},
    howpublished = {Cryptology ePrint Archive, Report 2014/154},
    year = {2014},
    note = {\url{http://eprint.iacr.org/}},
}

@misc{guptcode,
 title = {GUPT: A Privacy Preserving Data Mining Platform},
 howpublished = {\url{https://github.com/prashmohan/GUPT}},
}

@misc{adscode,
 title = {$\lambda\bullet$: Authenticated Data Structures, Generically},
 howpublished = {\url{http://amiller.github.io/lambda-auth/}}
}

@misc{sgx,
 title = {Intel {SGX} for Dummies (Intel {SGX} Design Objectives)},
 howpublished = {\url{https://software.intel.com/en-us/blogs/2013/09/26/protecting-application-secrets-with-intel-sgx}}
}


@misc{gentryfheoram,
    author = {Craig Gentry and Shai Halevi and Charanjit Jutla and Mariana Raykova},
    title = {Private Database Access With HE-over-ORAM Architecture},
    howpublished = {Cryptology ePrint Archive, Report 2014/345},
    year = {2014},
    note = {\url{http://eprint.iacr.org/}},
}




@inproceedings{sddr,
 title =  {SDDR: Light-Weight, Secure Mobile Encounters},
 author = {Matthew Lentz and Viktor Erdelyi and Paarijaat Aditya and Elaine Shi and Peter Druschel and Bobby Bhattacharjee},
 booktitle = {Usenix Security Symposium},
 year = 2014,
}

@inproceedings{encore,
 title =  {EnCore: Private, Context-based Communication for Mobile Social Apps},
 author = {Paarijaat Aditya and Viktor Erdelyi and Matthew Lentz and Elaine Shi and Bobby Bhattacharjee and Peter Druschel},
 booktitle = {International Conference on Mobile Systems, Applications, and Services (MobiSys)},
 year = 2014,
}



@inproceedings{permacoin,
 title = {Permacoin: Repurposing Bitcoin Work for Data Preservation},
 author = {Andrew Miller and Elaine Shi and Ari Juels and Bryan Parno and Jonathan Katz},
 booktitle = {IEEE Symposium on Security and Privacy},
 year = 2014,
}

@inproceedings{dssendss14,
 title = {Practical Dynamic Searchable Symmetric Encryption with Small Leakage},
 author ={Emil Stefanov and Charalampos Papamanthou and Elaine Shi},
 booktitle = {Network and Distributed System Security Symposium (NDSS)},
 year = 2014
}


@inproceedings{dporccs13,
 author = { Elaine Shi and Emil Stefanov and Charalampos Papamanthou},
 title = {Practical Dynamic Proofs of Retrievability},
 booktitle = {ACM Conference on Computer and Communications Security (CCS)},
 year = 2013,
}


@inproceedings{ods,
 author={ Xiao Shaun Wang and Kartik Nayak and Chang Liu and T-H. Hubert Chan and Elaine Shi and Emil Stefanov and Yan Huang },
 title = {Oblivious {D}ata {S}tructures},
  booktitle = {CCS},
  year = {2014}
}
@inproceedings{hotsec11,
 author = {Maniatis, Petros and Akhawe, Devdatta and Fall, Kevin and Shi, Elaine and McCamant, Stephen and Song, Dawn},
 title = {Do You Know Where Your Data Are? Secure Data Capsules for Deployable Data Protection},
 booktitle = {Proceedings of the 13th USENIX Conference on Hot Topics in Operating Systems},
 series = {HotOS'13},
 year = {2011},
 location = {Napa, California},
 pages = {22--22},
}

@inproceedings{pkc14,
  author    = {Daniel Apon and
               Jonathan Katz and
               Elaine Shi and
               Aishwarya Thiruvengadam},
  title     = {Verifiable Oblivious Storage},
  booktitle = {Public Key Cryptography},
  year      = {2014},
  pages     = {131-148},
}

@INPROCEEDINGS{popl14,
  AUTHOR = {Andrew Miller and Michael Hicks and Jonathan Katz and Elaine Shi},
  TITLE = {Authenticated Data Structures, Generically},
  BOOKTITLE = {ACM Conference on Principles of Programming Languages (POPL)},
  MONTH = JAN,
  YEAR = 2014,
}

@inproceedings{csf13,
 author = {Liu, Chang and Hicks, Michael and Shi, Elaine},
 title = {Memory Trace Oblivious Program Execution},
 booktitle = {CSF},
 year = {2013},
 pages = {51--65},
 numpages = {15},
}


@inproceedings{trueset,
 author = {Ahmed E. Kosba and Dimitrios Papadopoulos and Charalampos Papamanthou and Mahmoud F. Sayed and Elaine Shi and Nikos Triandopoulos},
 title = {TrueSet: Nearly Practical Verifiable Set Computations},
 booktitle = {Usenix Security Symposium},
 year = 2014,
}

@inproceedings{tcc13,
 author = {Papamanthou, Charalampos and Shi, Elaine and Tamassia, Roberto},
 title = {Signatures of Correct Computation},
  booktitle = {Theory of Cryptography Conference (TCC)},
 year = {2013},
 pages = {222--242},
 numpages = {21},
}


@inproceedings{ec14,
  author    = {Shafi Goldwasser and
               S. Dov Gordon and
               Vipul Goyal and
               Abhishek Jain and
               Jonathan Katz and
               Feng-Hao Liu and
               Amit Sahai and
               Elaine Shi and
               Hong-Sheng Zhou},
  title     = {Multi-input Functional Encryption},
  booktitle = {EUROCRYPT},
  year      = {2014},
  pages     = {578-602},
}


@inproceedings{streamingads,
  author    = {Charalampos Papamanthou and
               Elaine Shi and
               Roberto Tamassia and
               Ke Yi},
  title     = {Streaming Authenticated Data Structures},
  booktitle = {EUROCRYPT},
  year      = {2013},
}


@inproceedings{kellerods,
    author = {Marcel Keller and Peter Scholl},
    title = {Efficient, Oblivious Data Structures for {MPC}},
    booktitle = {Asiacrypt},
    year = {2014},
}

@INPROCEEDINGS{scvm,
  AUTHOR = {Chang Liu and Yan Huang and Elaine Shi and Jonathan Katz and Michael Hicks},
  TITLE = {{A}utomating {E}fficient {RAM}-Model {S}ecure {C}omputation},
  BOOKTITLE = {S \& P},
  MONTH = MAY,
  YEAR = 2014
}

@inproceedings{Huang11,
 author = {Huang, Yan and Evans, David and Katz, Jonathan and Malka, Lior},
 title = {Faster secure two-party computation using garbled circuits},
 booktitle = {Usenix Security Symposium},
 year = {2011},
}

@inproceedings{Huang12,
    author = {Yan Huang and David Evans and Jonathan Katz},
    title = {Private Set Intersection: Are Garbled Circuits Better than Custom Protocols? },
  booktitle = {NDSS},
    year = {2012}
}

@inproceedings{efficientgarble,
  author    = {Mihir Bellare and
               Viet Tung Hoang and
               Sriram Keelveedhi and
               Phillip Rogaway},
  title     = {{E}fficient {G}arbling from a {F}ixed-{K}ey {B}lockcipher},
  booktitle = {S \& P},
  year      = {2013},
}

@inproceedings{odsmitchell,
  author    = {John C. Mitchell and
               Joe Zimmerman},
  title     = {{D}ata-{O}blivious {D}ata {S}tructures},
  booktitle = {STACS},
  year      = {2014},
  pages     = {554-565},
}

@inproceedings{multicloudoram,
 author = {Emil Stefanov and Elaine Shi},
 title = {Multi-Cloud Oblivious Storage},
 booktitle = {ACM Conference on Computer and Communications Security (CCS)},
 year = 2013,
}


@inproceedings{toft11pq,
  author    = {Tomas Toft},
  title     = {Secure data structures based on multi-party computation},
  booktitle = {PODC},
  year      = {2011},
  pages     = {291-292},
}

@article{oblivialg00,
  author    = {Michael T. Goodrich and
               Olga Ohrimenko and
               Roberto Tamassia},
  title     = {Data-Oblivious Graph Drawing Model and Algorithms},
  journal   = {CoRR},
  volume    = {abs/1209.0756},
  year      = {2012},
}



@inproceedings{oblivialg01,
  author    = {David Eppstein and
               Michael T. Goodrich and
               Roberto Tamassia},
  title     = {Privacy-preserving data-oblivious geometric algorithms for
               geographic data},
  booktitle = {GIS},
  year      = {2010},
}



@inproceedings{blantongraph,
 author = {Blanton, Marina and Steele, Aaron and Alisagari, Mehrdad},
 title = {Data-oblivious Graph Algorithms for Secure Computation and Outsourcing},
 booktitle = {ASIA CCS},
 year = {2013},
}

@misc{selldata,
  author = {Edward Wyatt},
  title = {{U.S.} Penalizes Online Company in Sale of Personal Data},
  howpublished = {\url{http://www.nytimes.com/2012/06/13/technology/ftc-levies-first-fine-over-internet-data.html}}
}

@misc{sitessharedata,
 author = {Julia Angwin},
 title = {Sites Are Accused of Privacy Failings},
 howpublished = {\url{http://online.wsj.com/article/SB10001424052970204136404577207183258570186.html}},
}

@misc{protectdata,
 author = {Mark Sullivan},
 title = {Protect Our Data! A Digital Consumer Bill of Rights},
 howpublished = {\url{http://www.pcworld.com/article/249558/protect_our_data_a_digital_consumer_bill_of_rights.html}},
}

@inproceedings{blanchet08,
  author    = {Bruno Blanchet and
               Avik Chaudhuri},
  title     = {Automated Formal Analysis of a Protocol for Secure File
               Sharing on Untrusted Storage},
  booktitle = {IEEE Symposium on Security and Privacy},
  year      = {2008},
  pages     = {417-431},
}

@article{profverif,
 author = {Blanchet, Bruno},
 title = {Automatic verification of correspondences for security protocols},
 journal = {J. Comput. Secur.},
 issue_date = {December 2009},
 volume = {17},
 number = {4},
 month = dec,
 year = {2009},
 issn = {0926-227X},
 pages = {363--434},
 numpages = {72},
 acmid = {1576304},
 publisher = {IOS Press},
 address = {Amsterdam, The Netherlands, The Netherlands},
}



@inproceedings{franklin,
  author    = {Jason Franklin and
               Sagar Chaki and
               Anupam Datta and
               Jonathan M. McCune and
               Amit Vasudevan},
  title     = {Parametric Verification of Address Space Separation},
  booktitle = {Principles of Security and Trust (POST)},
  year      = {2012},
  pages     = {51-68},
}

@misc{privacyimpediment2,
  author = {Melissa Dribben},
  title = {Health-record privacy impeding medical research},
  howpublished = {\url{http://articles.philly.com/2012-03-13/news/31160163_1_medical-research-medical-history-controls}}
}

@misc{privacyimpediment,
  author = {John Markoff},
  title = {Troves of Personal Data, Forbidden to Researchers},
  howpublished ={\url{http://www.nytimes.com/2012/05/22/science/big-data-troves-stay-forbidden-to-social-scientists.html}}
}

@misc{acmw,
 title = {{ACM-W} Student Chapters},
 howpublished = {\url{http://women.acm.org/participate/student_chapters.cfm}},
}

@misc{rsabreach,
  author = {John Markoff},
  title = {{SecurID} Company Suffers a Breach of Data Security},
  howpublished = {\url{http://www.nytimes.com/2011/03/18/technology/18secure.html}},
}

@inproceedings{nohype,
 author = {Keller, Eric and Szefer, Jakub and Rexford, Jennifer and Lee, Ruby B.},
 title = {NoHype: virtualized cloud infrastructure without the virtualization},
 booktitle = {Proceedings of the 37th annual international symposium on Computer architecture},
 series = {ISCA '10},
 year = {2010},
 isbn = {978-1-4503-0053-7},
 location = {Saint-Malo, France},
 pages = {350--361},
 numpages = {12},
 acmid = {1816010},
 publisher = {ACM},
 address = {New York, NY, USA},
}


@inproceedings{quantlocpriv,
 author = {Shokri, Reza and Theodorakopoulos, George and Le Boudec, Jean-Yves and Hubaux, Jean-Pierre},
 title = {Quantifying Location Privacy},
 booktitle = {Proceedings of the 2011 IEEE Symposium on Security and Privacy},
 series = {SP '11},
 year = {2011},
 isbn = {978-0-7695-4402-1},
 pages = {247--262},
 numpages = {16},
 acmid = {2006769},
 publisher = {IEEE Computer Society},
 address = {Washington, DC, USA},
}


@inproceedings{dpunderfire,
  author = {Andreas Haeberlen and Benjamin C. Pierce and Arjun Narayan},
  title = {Differential Privacy Under Fire},
  booktitle = {Proceedings of the 20th USENIX Security Symposium},
  location = {San Francisco, CA},
  month = aug,
  year = 2011
}

@article{a2m,
 author = {Chun, Byung-Gon and Maniatis, Petros and Shenker, Scott and Kubiatowicz, John},
 title = {Attested append-only memory: making adversaries stick to their word},
 journal = {SIGOPS Oper. Syst. Rev.},
 issue_date = {December 2007},
 volume = {41},
 number = {6},
 month = oct,
 year = {2007},
 issn = {0163-5980},
 pages = {189--204},
 numpages = {16},
 acmid = {1294280},
 publisher = {ACM},
 address = {New York, NY, USA},
}

@inproceedings{peerreview,
  author = {Andreas Haeberlen and Petr Kuznetsov and Peter Druschel},
  title = {{PeerReview:} {P}ractical Accountability for Distributed Systems},
  booktitle = {Proceedings of the 21st ACM Symposium on Operating Systems Principles (SOSP'07)},
  location = {Stevenson, WA},
  month = {Oct},
  year = {2007}
}

@article{tva,
  author    = {Xiaowei Yang and
               David Wetherall and
               Thomas E. Anderson},
  title     = {{TVA}: a {DoS}-limiting network architecture},
  journal   = {IEEE/ACM Trans. Netw.},
  volume    = {16},
  number    = {6},
  year      = {2008},
  pages     = {1267-1280},
}

@inproceedings{vc,
  author    = {Rosario Gennaro and
               Craig Gentry and
               Bryan Parno},
  title     = {Non-interactive Verifiable Computing: Outsourcing Computation
               to Untrusted Workers},
  booktitle = {CRYPTO},
  year      = {2010},
  pages     = {465-482},
}

@misc{banks2,
  title = {Hacker claims breach of 79 banks, releases customer data},
  howpublished = {\url{http://packetstormsecurity.org/news/view/21129/Hacker-Claims-Breach-Of-79-Banks-Releases-Customer-Data.html}},
}

@misc{banks,
 author = {Zack Whittaker},
 title = {Hacker claims mass bank breach; releases Visa, Mastercard data},
 howpublished = {\url{http://www.zdnet.com/blog/security/hacker-claims-mass-bank-breach-releases-visa-mastercard-data/12519}}
}

@misc{emailleak,
  title = {6{GB} Emails from Companies world wide leaked after Sykes and trend micro attack by .c0mrade},
  howpublished = {\url{http://digg.com/newsbar/Technology/6gb_emails_from_companies_world_wide_leaked_after_sykes_and_trend_micro_attack_by_c0mrade}},
}

@inproceedings{oramtrustedhardware03,
 author = {Asonov, Dmitri and Freytag, Johann-Christoph},
 title = {Almost optimal private information retrieval},
 booktitle = {Proceedings of the 2nd international conference on Privacy enhancing technologies},
 series = {PET'02},
 year = {2003},
 isbn = {3-540-00565-X},
 location = {San Francisco, CA, USA},
 pages = {209--223},
 numpages = {15},
 acmid = {1765315},
 publisher = {Springer-Verlag},
 address = {Berlin, Heidelberg},
}

@article{oramtrustedhardware02,
 author = {Smith, S. W. and Safford, D.},
 title = {Practical server privacy with secure coprocessors},
 journal = {IBM Syst. J.},
 issue_date = {March 2001},
 volume = {40},
 number = {3},
 month = mar,
 year = {2001},
 issn = {0018-8670},
 pages = {683--695},
 numpages = {13},
 acmid = {1017213},
 publisher = {IBM Corp.},
 address = {Riverton, NJ, USA},
}

@article{oramtrustedhardware01,
 author = {Iliev, Alexander and Smith, Sean W.},
 title = {Protecting Client Privacy with Trusted Computing at the Server},
 journal = {IEEE Security and Privacy},
 issue_date = {March 2005},
 volume = {3},
 number = {2},
 month = mar,
 year = {2005},
 issn = {1540-7993},
 pages = {20--28},
 numpages = {9},
 acmid = {1058334},
 publisher = {IEEE Educational Activities Department},
 address = {Piscataway, NJ, USA},
}

@inproceedings{accesspatternleak,
  author = {Mohammad Islam and Mehmet Kuzu and Murat Kantarcioglu},
  title = {Access Pattern disclosure on Searchable Encryption: Ramification, Attack and Mitigation},
  booktitle = {NDSS},
  year = {2012}
}


@inproceedings{deniablesearch,
  author    = {Mummoorthy Murugesan and
               Chris Clifton},
  title     = {Providing Privacy through Plausibly Deniable Search},
  booktitle = {SDM},
  year      = {2009},
  pages     = {768-779},
}

@misc{trackmenot,
 author = {Daniel C. Howe and Helen Nissenbaum},
 title = {TrackMeNot: Resisting Surveillance in Web Search},
 howpublished = {\url{http://cs.nyu.edu/trackmenot/}},
}


@inproceedings{juelsad,
 author = {Juels, Ari},
 title = {Targeted Advertising ... And Privacy Too},
 booktitle = {Proceedings of the 2001 Conference on Topics in Cryptology: The Cryptographer's Track at RSA},
 series = {CT-RSA 2001},
 year = {2001},
 isbn = {3-540-41898-9},
 pages = {408--424},
 numpages = {17},
 acmid = {680791},
 publisher = {Springer-Verlag},
 address = {London, UK, UK},
}


@misc{nurikabe,
 author ={Dave Levin and Bobby Bhattacharjee and John R. Douceur and Jacob R. Lorch and James Mickens and Thomas Moscibroda},
 title = {Nurikabe: Private yet Accountable Online Advertising},
 howpublished= {Manuscript},
}

@inproceedings{sigkdd12,
  author = {Neil Zhenqiang Gong and Ameet Talwalkar and Lester Mackey and Ling Huang and Eui Chul Richard Shin and Emil Stefanov and Elaine Shi and Dawn Song},
  title = {Jointly Predicting Links and Inferring Attributes with a Social-Attribute Network: an Empirical Study using Google+},
  booktitle = {ACM workshop on Social Network Mining and Analysis (SNA-KDD)},
  year = {2012}
}

@inproceedings{netflixdeanon,
  author    = {Arvind Narayanan and
               Vitaly Shmatikov},
  title     = {Robust De-anonymization of Large Sparse Datasets},
  booktitle = {IEEE Symposium on Security and Privacy},
  year      = {2008},
  pages     = {111-125},
}

@misc{uci,
 title = {{UCI} Machine Learning Repository},
 howpublished = {\url{http://archive.ics.uci.edu/ml/datasets.html}},
}

@misc{mc2aces,
  title = {Unique Program To Educate Next Generation of {U.S.} Cybersecurity Leaders},
  howpublished = {\url{http://www.cyber.umd.edu/news/news_story.php?id=6556}},
}

@misc{reumc2,
 title = {Maryland Cybersecurity Center ({MC2}) Cybersecurity Scholars
{REU} Program},
 howpublished = {\url{http://www.cyber.umd.edu/reu-cs-scholars/index.html}},
}

@misc{cmsc818j,
  author = {Elaine Shi},
  title = {{CMSC 818J}: Privacy Enhancing Technologies: From Theory to Practice},
  howpublished= {\url{http://www.cs.umd.edu/~elaine/teaching/privacy-f12/}},
  year = {2012}
}

@misc{privacycourse,
  author = {Elaine Shi and Dawn Song},
  title = {{CS} 294-65: Privacy Technologies: From Theory to Practice},
  howpublished= {\url{http://www.cs.berkeley.edu/~dawnsong/teaching/s11-cs294/}},
  year = {2011}
}

@misc{clouddm,
 author = {Michael Farber and Mike Cameron and Christopher Ellis and Josh Sullivan},
 title = {Massive Data Analytics and the Cloud: A Revolution in Intelligence Analysis},
 howpublished = {\url{http://www.boozallen.com/media/file/MassiveData.pdf}}
}

@inproceedings{cachesidechannel02,
 author = {Domnitser, Leonid and Abu-Ghazaleh, Nael and Ponomarev, Dmitry},
 title = {A predictive model for cache-based side channels in multicore and multithreaded microprocessors},
 booktitle = {Proceedings of the 5th international conference on Mathematical methods, models and architectures for computer network security},
 series = {MMM-ACNS'10},
 year = {2010},
 isbn = {3-642-14705-4, 978-3-642-14705-0},
 location = {St. Petersburg, Russia},
 pages = {70--85},
 numpages = {16},
 acmid = {1885202},
 publisher = {Springer-Verlag},
 address = {Berlin, Heidelberg},
}

@inproceedings{cacheaes,
 author = {Gullasch, David and Bangerter, Endre and Krenn, Stephan},
 title = {Cache Games -- Bringing Access-Based Cache Attacks on {AES} to Practice},
 booktitle = {Proceedings of the 2011 IEEE Symposium on Security and Privacy},
 series = {SP '11},
 year = {2011},
 isbn = {978-0-7695-4402-1},
 pages = {490--505},
 numpages = {16},
 acmid = {2006784},
 publisher = {IEEE Computer Society},
 address = {Washington, DC, USA},
}




@inproceedings{getoffmycloud,
 author = {Ristenpart, Thomas and Tromer, Eran and Shacham, Hovav and Savage, Stefan},
 title = {Hey, you, get off of my cloud: exploring information leakage in third-party compute clouds},
 booktitle = {CCS},
 year = {2009},
}

@inproceedings{cachesidechannel,
 author = {John Demme and Robert Martin and Adam Waksman and Simha Sethumadhavan},
 title = {Side-channel Vulnerability Factor:
A Metric for Measuring Information Leakage},
 booktitle = {International Symposium on Computer Architecture (ISCA)},
 year = {2012},
}

@inproceedings{privatecf,
 author = {Canny, John},
 title = {Collaborative Filtering with Privacy},
 booktitle = {Proceedings of the 2002 IEEE Symposium on Security and Privacy},
 series = {SP '02},
 year = {2002},
 isbn = {0-7695-1543-6},
 acmid = {830525},
 publisher = {IEEE Computer Society},
 address = {Washington, DC, USA},
}

@article{cf,
  author    = {David Goldberg and
               David A. Nichols and
               Brian M. Oki and
               Douglas B. Terry},
  title     = {Using Collaborative Filtering to Weave an Information Tapestry},
  journal   = {Commun. ACM},
  volume    = {35},
  number    = {12},
  year      = {1992},
  pages     = {61-70},
}

@article{dpnettrace,
 author = {McSherry, Frank and Mahajan, Ratul},
 title = {Differentially-private network trace analysis},
 journal = {SIGCOMM Comput. Commun. Rev.},
 issue_date = {August 2011},
 volume = {41},
 number = {4},
 month = aug,
 year = {2010},
 issn = {0146-4833},
 acmid = {1851199},
 publisher = {ACM},
 address = {New York, NY, USA},
}

@inproceedings{persona,
 author = {Baden, Randy and Bender, Adam and Spring, Neil and Bhattacharjee, Bobby and Starin, Daniel},
 title = {Persona: an online social network with user-defined privacy},
 booktitle = {Proceedings of the ACM SIGCOMM 2009 conference on Data communication},
 series = {SIGCOMM '09},
 year = {2009},
 isbn = {978-1-60558-594-9},
 location = {Barcelona, Spain},
 pages = {135--146},
 numpages = {12},
 acmid = {1592585},
 publisher = {ACM},
 address = {New York, NY, USA},
}


@inproceedings{koi,
    author    = "Saikat Guha and Mudit Jain and Venkata Padmanabhan",
    title     = {Koi: A Location-Privacy Platform for Smartphone Apps},
    booktitle = "{Proceedings of the 9th Symposium on Networked Systems Design and Implementation (NSDI)}",
    year      = "2012",
    month     = "Apr",
    address   = "San Jose, CA",
}


@inproceedings{aoldata,
 author = {Korolova, Aleksandra and Kenthapadi, Krishnaram and Mishra, Nina and Ntoulas, Alexandros},
 title = {Releasing search queries and clicks privately},
 booktitle = {Proceedings of the 18th international conference on World wide web},
 series = {WWW '09},
 year = {2009},
 isbn = {978-1-60558-487-4},
 location = {Madrid, Spain},
 pages = {171--180},
 numpages = {10},
 url = {http://doi.acm.org/10.1145/1526709.1526733},
 doi = {10.1145/1526709.1526733},
 acmid = {1526733},
 publisher = {ACM},
 address = {New York, NY, USA},
 keywords = {data release, differential privacy, query click graph, search logs},
}


@inproceedings{netapp00,
 author = {Leung, Andrew W. and Pasupathy, Shankar and Goodson, Garth and Miller, Ethan L.},
 title = {Measurement and analysis of large-scale network file system workloads},
 booktitle = {USENIX 2008 Annual Technical Conference on Annual Technical Conference},
 series = {ATC'08},
 year = {2008},
 location = {Boston, Massachusetts},
 pages = {213--226},
 numpages = {14},
 url = {http://dl.acm.org/citation.cfm?id=1404014.1404030},
 acmid = {1404030},
 publisher = {USENIX Association},
 address = {Berkeley, CA, USA},
}

@inproceedings{netapp01,
 author = {Chen, Yanpei and Srinivasan, Kiran and Goodson, Garth and Katz, Randy},
 title = {Design implications for enterprise storage systems via multi-dimensional trace analysis},
 booktitle = {Proceedings of the Twenty-Third ACM Symposium on Operating Systems Principles},
 series = {SOSP '11},
 year = {2011},
 isbn = {978-1-4503-0977-6},
 location = {Cascais, Portugal},
 pages = {43--56},
 numpages = {14},
 acmid = {2043562},
 publisher = {ACM},
 address = {New York, NY, USA},
}


@inproceedings{danezis11,
  author    = {George Danezis and
               Benjamin Livshits},
  title     = {Towards ensuring client-side computational integrity},
  booktitle = {ACM Cloud Computing Security Workshop (CCSW)},
  year      = {2011},
  pages     = {125-130},
}

@article{p5,
  author    = {Rob Sherwood and
               Bobby Bhattacharjee and
               Aravind Srinivasan},
  title     = {P$^{\mbox{5}}$: A protocol for scalable anonymous communication},
  journal   = {Journal of Computer Security},
  volume    = {13},
  number    = {6},
  year      = {2005},
  pages     = {839-876},
}


@inproceedings{noiselesspriv,
  author    = {Raghav Bhaskar and
               Abhishek Bhowmick and
               Vipul Goyal and
               Srivatsan Laxman and
               Abhradeep Thakurta},
  title     = {Noiseless Database Privacy},
  booktitle = {ASIACRYPT},
  year      = {2011},
  pages     = {215-232},
}

@inproceedings{cbp,
 author = {Johannes Gehrke and Michael Hay and Edward Lui and Rafael Pass},
 title = {Crowd-Blending Privacy},
 booktitle = {CRYPTO},
 year = {2012},
}

@article{amazon00,
 author = {Ramakrishnan, Naren and Keller, Benjamin J. and Mirza, Batul J. and Grama, Ananth Y. and Karypis, George},
 title = {Privacy Risks in Recommender Systems},
 journal = {IEEE Internet Computing},
 issue_date = {November 2001},
 volume = {5},
 number = {6},
 month = nov,
 year = {2001},
 issn = {1089-7801},
 pages = {54--62},
 numpages = {9},
 acmid = {613654},
 publisher = {IEEE Educational Activities Department},
 address = {Piscataway, NJ, USA},
}

@inproceedings{amazon01,
  author    = {Joseph A. Calandrino and
               Ann Kilzer and
               Arvind Narayanan and
               Edward W. Felten and
               Vitaly Shmatikov},
  title     = {``{Y}ou Might Also Like:''  Privacy Risks of Collaborative Filtering},
  booktitle = {IEEE Symposium on Security and Privacy},
  year      = {2011},
  pages     = {231-246},
}


@misc{lxc,
  title = {lxc Linux Containers},
  howpublished = {\url{http://lxc.sourceforge.net/}}
}

@misc{linuxvul,
 title ={Vulnerability Report: Linux Kernel 2.4.x},
 howpublished ={\url{http://hypervisor.org/}}
}

@article{attestation01,
  author    = {Thomas Moyer and
               Kevin R. B. Butler and
               Joshua Schiffman and
               Patrick McDaniel and
               Trent Jaeger},
  title     = {Scalable Web Content Attestation},
  journal   = {IEEE Trans. Computers},
  volume    = {61},
  number    = {5},
  year      = {2012},
  pages     = {686-699},
}

@inproceedings{attestation02,
  author    = {Joshua Schiffman and
               Thomas Moyer and
               Hayawardh Vijayakumar and
               Trent Jaeger and
               Patrick McDaniel},
  title     = {Seeding clouds with trust anchors},
  booktitle = {ACM Cloud Computing Security Workshop (CCSW)},
  year      = {2010},
  pages     = {43-46},
}

@inproceedings{attestation03,
  author    = {Luke St. Clair and
               Joshua Schiffman and
               Trent Jaeger and
               Patrick McDaniel},
  title     = {Establishing and Sustaining System Integrity via Root of
               Trust Installation},
  booktitle = {Annual Computer Security Applications Conference (ACSAC)},
  year      = {2007},
  pages     = {19-29},
}


@inproceedings{attestation04,
  author    = {Trent Jaeger and
               Reiner Sailer and
               Umesh Shankar},
  title     = {PRIMA: policy-reduced integrity measurement architecture},
  booktitle = {ACM Symposium on Access Control Models and Technologies (SACMAT)},
  year      = {2006},
  pages     = {19-28},
}

@inproceedings{attestation05,
  author    = {Reiner Sailer and
               Trent Jaeger and
               Xiaolan Zhang and
               Leendert van Doorn},
  title     = {Attestation-based policy enforcement for remote access},
  booktitle = {ACM Conference on Computer and Communications Security},
  year      = {2004},
  pages     = {308-317},
}

@inproceedings{attestation06,
 author = {Kauer, Bernhard},
 title = {OSLO: improving the security of trusted computing},
 booktitle = {Proceedings of 16th USENIX Security Symposium on USENIX Security Symposium},
 series = {SS'07},
 year = {2007},
 isbn = {111-333-5555-77-9},
 location = {Boston, MA},
 pages = {16:1--16:9},
 articleno = {16},
 numpages = {9},
 url = {http://dl.acm.org/citation.cfm?id=1362903.1362919},
 acmid = {1362919},
 publisher = {USENIX Association},
 address = {Berkeley, CA, USA},
}

@inproceedings{attestation07,
  author    = {Bryan Parno and
               Jacob R. Lorch and
               John R. Douceur and
               James W. Mickens and
               Jonathan M. McCune},
  title     = {Memoir: Practical State Continuity for Protected Modules},
  booktitle = {IEEE Symposium on Security and Privacy},
  year      = {2011},
  pages     = {379-394},
}

@inproceedings{attestation08,
  author    = {Jonathan M. McCune and
               Bryan Parno and
               Adrian Perrig and
               Michael K. Reiter and
               Arvind Seshadri},
  title     = {Minimal {TCB} Code Execution},
  booktitle = {IEEE Symposium on Security and Privacy},
  jyear      = {2007},
  pages     = {267-272},
}
  

@inproceedings{attestation09,
 author = {Levin, Dave and Douceur, John R. and Lorch, Jacob R. and Moscibroda, Thomas},
 title = {TrInc: small trusted hardware for large distributed systems},
 booktitle = {Proceedings of the 6th USENIX symposium on Networked systems design and implementation},
 series = {NSDI'09},
 year = {2009},
 location = {Boston, Massachusetts},
 pages = {1--14},
 numpages = {14},
 url = {http://dl.acm.org/citation.cfm?id=1558977.1558978},
 acmid = {1558978},
 publisher = {USENIX Association},
 address = {Berkeley, CA, USA},
}


@inproceedings{Seshadri:2006:SSC:1161289.1161306,
 author = {Seshadri, Arvind and Luk, Mark and Perrig, Adrian and van Doorn, Leendert and Khosla, Pradeep},
 title = {SCUBA: Secure Code Update By Attestation in sensor networks},
 booktitle = {Proceedings of the 5th ACM workshop on Wireless security},
 series = {WiSe '06},
 year = {2006},
 isbn = {1-59593-557-6},
 location = {Los Angeles, California},
 pages = {85--94},
 numpages = {10},
 acmid = {1161306},
 publisher = {ACM},
 address = {New York, NY, USA},
}

@inproceedings{DBLP:conf/esorics/PeritoT10,
  author    = {Daniele Perito and
               Gene Tsudik},
  title     = {Secure Code Update for Embedded Devices via Proofs of Secure
               Erasure},
  booktitle = {ESORICS},
  year      = {2010},
  pages     = {643-662},
}

@mastersthesis{Wagner2011,
  author = {Steffen Wagner},
  title = {Attestation and Secure Code Update for Trusted Sensor Nodes},
  school = {Technische Universit\"{a}t M\"{u}nchen},
  year = {2011},
  type = {Master’s thesis},
  month = feb,
  url = {http://www.sec.in.tum.de/assets/studentwork/finished/Wagner2011.pdf}
}

@inproceedings{encrypt00,
 author = {Goldwasser, Shafi and Micali, Silvio},
 title = {Probabilistic encryption \& how to play mental poker keeping secret all partial information},
 booktitle = {Proceedings of the fourteenth annual ACM symposium on Theory of computing},
 series = {STOC '82},
 year = {1982},
 isbn = {0-89791-070-2},
 location = {San Francisco, California, United States},
 pages = {365--377},
 numpages = {13},
 acmid = {802212},
 publisher = {ACM},
 address = {New York, NY, USA},
}


@book{encrypt01,
  author = {Daemen, Joan and Rijmen, Vincent},
  title = {The Design of Rijndael: {AES} - The Advanced Encryption Standard},
  address = {Berlin, Heidelberg, New York},
  isbn = {3-540-42580-2},
  publisher = {Springer Verlag},
  timestamp = {2008-12-05T20:59:29.000+0100},
  year = 2002
}

@InProceedings{encrypt02,
  title={{Mercy}: A Fast Large Block Cipher for Disk Sector Encryption},
  author={Paul Crowley},
  pages={49-63},
  booktitle ={Fast Software Encryption (FSE)},
 year = 2000
}

@inproceedings{integrity00,
 author = {Goodrich, Michael T. and Papamanthou, Charalampos and Tamassia, Roberto and Triandopoulos, Nikos},
 title = {Athos: Efficient Authentication of Outsourced File Systems},
 booktitle = {Proceedings of the 11th international conference on Information Security},
 series = {ISC '08},
 year = {2008},
 isbn = {978-3-540-85884-3},
 location = {Taipei, Taiwan},
 pages = {80--96},
 numpages = {17},
 acmid = {1432486},
 publisher = {Springer-Verlag},
 address = {Berlin, Heidelberg},
}


@inproceedings{integrity01,
 author = {Merkle, Ralph C.},
 title = {A certified digital signature},
 booktitle = {Proceedings on Advances in cryptology},
 series = {CRYPTO '89},
 year = {1989},
 isbn = {0-387-97317-6},
 location = {Santa Barbara, California, United States},
 pages = {218--238},
 numpages = {21},
 acmid = {118230},
 publisher = {Springer-Verlag New York, Inc.},
 address = {New York, NY, USA},
}

@inproceedings{integrity02,
 author = {Oprea, Alina and Reiter, Michael K.},
 title = {Integrity checking in cryptographic file systems with constant trusted storage},
 booktitle = {Proceedings of 16th USENIX Security Symposium on USENIX Security Symposium},
 series = {SS'07},
 year = {2007},
 isbn = {111-333-5555-77-9},
 location = {Boston, MA},
 pages = {13:1--13:16},
 articleno = {13},
 numpages = {16},
 acmid = {1362916},
 publisher = {USENIX Association},
 address = {Berkeley, CA, USA},
}

@inproceedings{integrity03,
 author = {Pletka, Roman and Cachin, Christian},
 title = {Cryptographic Security for a High-Performance Distributed File System},
 booktitle = {Proceedings of the 24th IEEE Conference on Mass Storage Systems and Technologies},
 series = {MSST '07},
 year = {2007},
 isbn = {0-7695-3025-7},
 pages = {227--232},
 numpages = {6},
 acmid = {1306910},
 publisher = {IEEE Computer Society},
 address = {Washington, DC, USA},
}

@inproceedings{integrity04,
  author    = {Matt Blaze},
  title     = {A Cryptographic File System for UNIX},
  booktitle = {ACM Conference on Computer and Communications Security (CCS)},
  year      = {1993},
  pages     = {9-16},
}

@inproceedings{integrity05,
  author =	"Aris Anagnostopoulos and Michael T. Goodrich and
		 Roberto Tamassia",
  title =	"Persistent Authenticated Dictionaries and Their
		 Applications",
  booktitle =	"Proc. of the Information Security Conference 2001
		 ({ISC 2001})",
  pages =	"379--393",
  publisher =	"Springer",
  year = 	"2001",
}

@inproceedings{integrity06,
  author    = {Eu-Jin Goh and
               Hovav Shacham and
               Nagendra Modadugu and
               Dan Boneh},
  title     = {SiRiUS: Securing Remote Untrusted Storage},
  booktitle = {Network and Distributed System Security Symposium (NDSS)},
  year      = {2003},
}

@inproceedings{integrity07,
 author = {Miller, Ethan and Long, Darrell and Freeman, William and Reed, Benjamin},
 title = {Strong Security for Network-Attached Storage},
 booktitle = {Proceedings of the 1st USENIX Conference on File and Storage Technologies},
 series = {FAST '02},
 year = {2002},
 location = {Monterey, CA},
 articleno = {1},
 acmid = {1083325},
 publisher = {USENIX Association},
 address = {Berkeley, CA, USA},
}


@inproceedings{integrity08,
  author    = {Alina Oprea and
               Michael K. Reiter},
  title     = {Space-Efficient Block Storage Integrity},
  booktitle = {Network and Distributed System Security Symposium (NDSS)},
  year      = {2005},
}

@inproceedings{integrity09,
  author    = {Charalampos Papamanthou and
               Roberto Tamassia},
  title     = {Time and Space Efficient Algorithms for Two-Party Authenticated
               Data Structures},
  booktitle = {ICICS},
  year      = {2007},
  pages     = {1-15},
}


@inproceedings{integrity10,
 author = {van Dijk, Marten and Rhodes, Jonathan and Sarmenta, Luis F. G. and Devadas, Srinivas},
 title = {Offline untrusted storage with immediate detection of forking and replay attacks},
 booktitle = {Proceedings of the 2007 ACM workshop on Scalable trusted computing},
 series = {STC '07},
 year = {2007},
 isbn = {978-1-59593-888-6},
 location = {Alexandria, Virginia, USA},
 pages = {41--48},
 numpages = {8},
 acmid = {1314364},
 publisher = {ACM},
 address = {New York, NY, USA},
 keywords = {TPM, forking attack, freshness, integrity checking, replay attack, untrusted storage, virtual monotonic counters},
}


@inproceedings{integrity11,
  author    = {Aydan R. Yumerefendi and
               Jeffrey S. Chase},
  title     = {Strong Accountability for Network Storage},
  booktitle = {FAST},
  year      = {2007},
  pages     = {77-92},
}

@inproceedings{integrity12,
 author = {Cattaneo, Giuseppe and Catuogno, Luigi and Sorbo, Aniello Del and Persiano, Pino},
 title = {The Design and Implementation of a Transparent Cryptographic File System for UNIX},
 booktitle = {Proceedings of the FREENIX Track: 2001 USENIX Annual Technical Conference},
 year = {2001},
 isbn = {1-880446-10-3},
 pages = {199--212},
 numpages = {14},
 acmid = {715628},
 publisher = {USENIX Association},
 address = {Berkeley, CA, USA},
}

@inproceedings{integrity13,
  author    = {Kevin Fu and
               M. Frans Kaashoek and
               David Mazi{\`e}res},
  title     = {Fast and Secure Distributed Read-Only File System},
  booktitle = {OSDI},
  year      = {2000},
  pages     = {181-196},
}

@inproceedings{integrity14,
 author = {Aguilera, Marcos K. and Ji, Minwen and Lillibridge, Mark and MacCormick, John and Oertli, Erwin and Andersen, Dave and Burrows, Mike and Mann, Timothy and Thekkath, Chandramohan A.},
 title = {Block-Level Security for Network-Attached Disks},
 booktitle = {Proceedings of the 2nd USENIX Conference on File and Storage Technologies},
 series = {FAST '03},
 year = {2003},
 location = {San Francisco, CA},
 pages = {159--174},
 numpages = {16},
 acmid = {1090712},
 publisher = {USENIX Association},
 address = {Berkeley, CA, USA},
}

@inproceedings{integrity15,
  author    = {Jinyuan Li and
               Maxwell N. Krohn and
               David Mazi{\`e}res and
               Dennis Shasha},
  title     = {Secure Untrusted Data Repository ({SUNDR})},
  booktitle = {OSDI},
  year      = {2004},
  pages     = {121-136},
}



@inproceedings{ads00,
 author = {Anagnostopoulos, Aris and Goodrich, Michael T. and Tamassia, Roberto},
 title = {Persistent Authenticated Dictionaries and Their Applications},
 booktitle = {ISC},
 year = {2001},
}

@article{bertino99,
 author = {Bertino, Elisa and Jajodia, Sushil and Samarati, Pierangela},
 title = {A flexible authorization mechanism for relational data management systems},
 journal = {ACM Trans. Inf. Syst.},
 issue_date = {April 1999},
 volume = {17},
 number = {2},
 month = apr,
 year = {1999},
 issn = {1046-8188},
 pages = {101--140},
 numpages = {40},
 acmid = {306687},
 publisher = {ACM},
 address = {New York, NY, USA},
}

@article{onlinepriv,
 author = {Anthony D. Miyazaki and Aan Fernandez},
 title = {Consumer Perceptions of Privacy and Security Risks for Online Shopping},
 journal =  {Journal of Consumer Affairs},
 vol = 35,
 pages = {38--39}
}

@Article{wireless04,
  author = 		 {Elaine Shi and Adrian Perrig},
  title = 		 {Designing Secure Sensor Networks},
  journal = 	 {Wireless Communication Magazine},
  year = 		 2004,
  volume =		 11,
  number =		 6,
  pages =		 {38--43},
  month =		 dec,
  online =		 {http://sparrow.ece.cmu.edu/~elaine/docs/securesensornet.pdf},
}

@article{anon00,
 author = {Sweeney, Latanya},
 title = {k-anonymity: a model for protecting privacy},
 journal = {Int. J. Uncertain. Fuzziness Knowl.-Based Syst.},
 issue_date = {October 2002},
 volume = {10},
 number = {5},
 month = oct,
 year = {2002},
 issn = {0218-4885},
 pages = {557--570},
 numpages = {14},
 acmid = {774552},
 publisher = {World Scientific Publishing Co., Inc.},
 address = {River Edge, NJ, USA},
}

@inproceedings{anon01,
 author = {Hoh, Baik and Gruteser, Marco and Herring, Ryan and Ban, Jeff and Work, Daniel and Herrera, Juan-Carlos and Bayen, Alexandre M. and Annavaram, Murali and Jacobson, Quinn},
 title = {Virtual trip lines for distributed privacy-preserving traffic monitoring},
 booktitle = {Proceedings of the 6th international conference on Mobile systems, applications, and services},
 series = {MobiSys '08},
 year = {2008},
 isbn = {978-1-60558-139-2},
 location = {Breckenridge, CO, USA},
 pages = {15--28},
 numpages = {14},
 acmid = {1378604},
 publisher = {ACM},
 address = {New York, NY, USA},
}

@article{anon02,
 author = {Machanavla, Ashwin and Kifer, Daniel and Gehrke, Johannes and Venkitasubramaniam, Muthuramakrishnan},
 title = {L-diversity: Privacy beyond k-anonymity},
 journal = {ACM Trans. Knowl. Discov. Data},
 issue_date = {March 2007},
 volume = {1},
 number = {1},
 month = mar,
 year = {2007},
 issn = {1556-4681},
 articleno = {3},
 acmid = {1217302},
 publisher = {ACM},
 address = {New York, NY, USA},
}

@inproceedings{anon03,
  author    = {Ninghui Li and
               Tiancheng Li and
               Suresh Venkatasubramanian},
  title     = {t-Closeness: Privacy Beyond k-Anonymity and l-Diversity},
  booktitle = {ICDE},
  year      = {2007},
  pages     = {106-115},
}

@InProceedings{anon04,
 author = {Hsu-Chun Hsiao and Tiffany Hyun-Jin Kim and Adrian Perrig and Akira Yamada and Samuel C. Nelson and Marco Gruteser and Wei Meng},
 title = {{LAP}: Lightweight Anonymity and Privacy},
 booktitle = {Proceedings of the IEEE Symposium on Security and Privacy},
 month = may,
 year = 2012
}

@inproceedings{anon05,
 author = {Dingledine, Roger and Mathewson, Nick and Syverson, Paul},
 title = {Tor: the second-generation onion router},
 booktitle = {Proceedings of the 13th conference on USENIX Security Symposium - Volume 13},
 series = {SSYM'04},
 year = {2004},
 location = {San Diego, CA},
 pages = {21--21},
 numpages = {1},
 acmid = {1251396},
 publisher = {USENIX Association},
 address = {Berkeley, CA, USA},
}

@inproceedings{anon06,
 author = {Pfitzmann, Andreas and K\"{o}hntopp, Marit},
 title = {Anonymity, unobservability, and pseudeonymity \&\#8212; a proposal for terminology},
 booktitle = {International workshop on Designing privacy enhancing technologies: design issues in anonymity and unobservability},
 year = {2001},
 isbn = {3-540-41724-9},
 location = {Berkeley, California, United States},
 pages = {1--9},
 numpages = {9},
 acmid = {371968},
 publisher = {Springer-Verlag New York, Inc.},
 address = {New York, NY, USA},
}

@inproceedings{anon07,
 author = {Freedman, Michael J. and Morris, Robert},
 title = {Tarzan: a peer-to-peer anonymizing network layer},
 booktitle = {ACM Conference on Computer and Communications Security (CCS)},
 year = {2002},
 isbn = {1-58113-612-9},
 location = {Washington, DC, USA},
 pages = {193--206},
 numpages = {14},
 acmid = {586137},
 publisher = {ACM},
 address = {New York, NY, USA},
}

@inproceedings{anon08,
  author    = {Steve DiBenedetto and
               Paolo Gasti and
               Gene Tsudik and
               Ersin Uzun},
  title     = {{ANDaNA}: Anonymous Named Data Networking Application},
  booktitle = {Network and Distributed System Security Symposium},
  year      = {2012},
}

@inproceedings{anon09,
 author = {Sherr, Micah and Blaze, Matt and Loo, Boon Thau},
 title = {Scalable Link-Based Relay Selection for Anonymous Routing},
 booktitle = {Proceedings of the 9th International Symposium on Privacy Enhancing Technologies},
 series = {PETS '09},
 year = {2009},
 isbn = {978-3-642-03167-0},
 location = {Seattle, WA},
 pages = {73--93},
 numpages = {21},
 acmid = {1614513},
 publisher = {Springer-Verlag},
 address = {Berlin, Heidelberg},
}

@inproceedings{anon10,
  author    = {Sachin Katti and
               Jeff Cohen and
               Dina Katabi},
  title     = {Information Slicing: Anonymity Using Unreliable Overlays},
  booktitle = {USENIX Symposium on Networked Systems Design and Implementation (NSDI)},
  year      = {2007},
}


@article{anon11,
 author = {Reiter, Michael K. and Rubin, Aviel D.},
 title = {Crowds: anonymity for Web transactions},
 journal   = {ACM Transactions of Information and System Security (TISSEC)},
 issue_date = {Nov. 1998},
 volume = {1},
 number = {1},
 month = nov,
 year = {1998},
 issn = {1094-9224},
 pages = {66--92},
 numpages = {27},
 acmid = {290168},
 publisher = {ACM},
 address = {New York, NY, USA},
}

@inproceedings{anon12,
 author = {Shields, Clay and Levine, Brian Neil},
 title = {A protocol for anonymous communication over the Internet},
 booktitle = {ACM Conference on Computer and Communications Security (CCS)},
 year = {2000},
 pages = {33--42},
 acmid = {352607},
}

@article{anon13,
 author = {Hopper, Nicholas and Vasserman, Eugene Y. and Chan-TIN, Eric},
 title = {How much anonymity does network latency leak?},
 journal   = {ACM Transactions of Information and System Security (TISSEC)},
 issue_date = {February 2010},
 volume = {13},
 number = {2},
 month = mar,
 year = {2010},
 issn = {1094-9224},
 pages = {13:1--13:28},
 articleno = {13},
 numpages = {28},
 acmid = {1698753},
 publisher = {ACM},
 address = {New York, NY, USA},
}

@inproceedings{anon14,
 author = {Raghavan, Barath and Kohno, Tadayoshi and Snoeren, Alex C. and Wetherall, David},
 title = {Enlisting {ISP}s to Improve Online Privacy: IP Address Mixing by Default},
 booktitle = {Proceedings of the 9th International Symposium on Privacy Enhancing Technologies},
 series = {PETS '09},
 year = {2009},
 isbn = {978-3-642-03167-0},
 location = {Seattle, WA},
 pages = {143--163},
 numpages = {21},
 acmid = {1614517},
 publisher = {Springer-Verlag},
 address = {Berlin, Heidelberg},
}

@article{anon15,
 author = {Chaum, David L.},
 title = {Untraceable electronic mail, return addresses, and digital pseudonyms},
 journal = {Commun. ACM},
 issue_date = {Feb. 1981},
 volume = {24},
 number = {2},
 month = feb,
 year = {1981},
 issn = {0001-0782},
 pages = {84--90},
 numpages = {7},
 acmid = {358563},
 publisher = {ACM},
 address = {New York, NY, USA},
}

@inproceedings{anon16,
  author    = {Jan Camenisch and
               Anna Lysyanskaya},
  title     = {An Efficient System for Non-transferable Anonymous Credentials
               with Optional Anonymity Revocation},
  booktitle = {EUROCRYPT},
  year      = {2001},
  pages     = {93-118},
}

@inproceedings{anon17,
  author    = {Jan Camenisch and
               Anna Lysyanskaya},
  title     = {Signature Schemes and Anonymous Credentials from Bilinear
               Maps},
  booktitle = {CRYPTO},
  year      = {2004},
  pages     = {56-72},
}

@incollection{anon18,
  author    = {Jan Camenisch and
               Ronald Leenes and
               Marit Hansen and
               Jan Schallab{\"o}ck},
  title     = {An Introduction to Privacy-Enhancing Identity Management},
  booktitle = {Digital Privacy - {PRIME}},
  year      = {2011},
  pages     = {3-21},
}

@article{anon19,
  author    = {Claudio Agostino Ardagna and
               Jan Camenisch and
               Markulf Kohlweiss and
               Ronald Leenes and
               Gregory Neven and
               Bart Priem and
               Pierangela Samarati and
               Dieter Sommer and
               Mario Verdicchio},
  title     = {Exploiting cryptography for privacy-enhanced access control:
               A result of the {PRIME} Project},
  journal   = {Journal of Computer Security},
  volume    = {18},
  number    = {1},
  year      = {2010},
  pages     = {123-160},
}


@inproceedings{anon20,
 author = {Greenstein, Ben and McCoy, Damon and Pang, Jeffrey and Kohno, Tadayoshi and Seshan, Srinivasan and Wetherall, David},
 title = {Improving wireless privacy with an identifier-free link layer protocol},
 booktitle = {Proceedings of the 6th international conference on Mobile systems, applications, and services},
 series = {MobiSys '08},
 year = {2008},
 isbn = {978-1-60558-139-2},
 location = {Breckenridge, CO, USA},
 pages = {40--53},
 numpages = {14},
 acmid = {1378607},
 publisher = {ACM},
 address = {New York, NY, USA},
 keywords = {802.11, anonymity, privacy, wireless},
}



@misc{tcg,
  title = {Trusted Computing Group},
  howpublished = {\url{http://www.trustedcomputinggroup.org/}}
}

@misc{ibm4764,
 title= {{IBM} 4764 {PCI-X} Cryptographic Coprocessor ({PCIXCC})},
 howpublished = {\url{http://www-03.ibm.com/security/cryptocards/pcixcc/overview.shtml}},  }

@inproceedings{fhe00,
  author    = {Craig Gentry},
  title     = {Fully homomorphic encryption using ideal lattices},
  booktitle = {STOC},
  year      = {2009},
}

@inproceedings{fhe01,
  author    = {Craig Gentry and
               Shai Halevi},
  title     = {Implementing {G}entry's Fully-Homomorphic Encryption Scheme},
  booktitle = {EUROCRYPT},
  year      = {2011},
  pages     = {129-148},
}


@article{fhe02,
  author    = {Craig Gentry},
  title     = {Computing arbitrary functions of encrypted data},
  journal   = {Commun. ACM},
  volume    = {53},
  number    = {3},
  year      = {2010},
  pages     = {97-105},
}

@inproceedings{fhe03,
  author    = {Marten van Dijk and
               Craig Gentry and
               Shai Halevi and
               Vinod Vaikuntanathan},
  title     = {Fully Homomorphic Encryption over the Integers},
  booktitle = {EUROCRYPT},
  year      = {2010},
  pages     = {24-43},
}

@inproceedings{fhe04,
  author    = {Craig Gentry},
  title     = {Toward Basing Fully Homomorphic Encryption on Worst-Case
               Hardness},
  booktitle = {CRYPTO},
  year      = {2010},
  pages     = {116-137},
}


@article{fhe05,
  author    = {Zvika Brakerski and
               Craig Gentry and
               Vinod Vaikuntanathan},
  title     = {Fully Homomorphic Encryption without Bootstrapping},
  journal   = {Electronic Colloquium on Computational Complexity (ECCC)},
  volume    = {18},
  year      = {2011},
  pages     = {111},
}


@inproceedings{fhe06,
  author    = {Craig Gentry and
               Shai Halevi},
  title     = {Fully Homomorphic Encryption without Squashing Using Depth-3
               Arithmetic Circuits},
  booktitle = {IEEE Symposium on Foundations of Computer Science (FOCS)},
  year      = {2011},
  pages     = {107-109},
}


@article{fhe07,
  author    = {Craig Gentry and
               Shai Halevi and
               Nigel P. Smart},
  title     = {Homomorphic Evaluation of the {AES} Circuit},
  journal   = {IACR Cryptology ePrint Archive},
  volume    = {2012},
  year      = {2012},
  pages     = {99},
}

@inproceedings{fhe08,
  author    = {Craig Gentry and
               Shai Halevi and
               Nigel P. Smart},
  title     = {Better Bootstrapping in Fully Homomorphic Encryption},
  booktitle = {Public Key Cryptography},
  year      = {2012},
  pages     = {1-16},
}


@inproceedings{fhe09,
  author    = {Zvika Brakerski and
               Craig Gentry and
               Vinod Vaikuntanathan},
  title     = {({L}eveled) fully homomorphic encryption without bootstrapping},
  booktitle = {ITCS},
  year      = {2012},
  pages     = {309-325},
}


@inproceedings{fhe10,
  author    = {Craig Gentry and
               Shai Halevi and
               Nigel P. Smart},
  title     = {Fully Homomorphic Encryption with Polylog Overhead},
  booktitle = {EUROCRYPT},
  year      = {2012},
  pages     = {465-482},
}

@inproceedings{fhe11,
  author    = {Peter Scholl and
               Nigel P. Smart},
  title     = {Improved Key Generation for {G}entry's Fully Homomorphic Encryption
               Scheme},
  booktitle = {IMA Int. Conf.},
  year      = {2011},
  pages     = {10-22},
}

@inproceedings{fhe12,
  author    = {Jake Loftus and
               Alexander May and
               Nigel P. Smart and
               Frederik Vercauteren},
  title     = {On {CCA}-Secure Somewhat Homomorphic Encryption},
  booktitle = {Selected Areas in Cryptography},
  year      = {2011},
  pages     = {55-72},
}

@article{fhe13,
  author    = {Nigel P. Smart and
               Frederik Vercauteren},
  title     = {Fully Homomorphic {SIMD} Operations},
  journal   = {IACR Cryptology ePrint Archive},
  volume    = {2011},
  year      = {2011},
  pages     = {133},
}

@inproceedings{fhe14,
  author    = {Michael Naehrig and
               Kristin Lauter and
               Vinod Vaikuntanathan},
  title     = {Can homomorphic encryption be practical?},
  booktitle = {ACM Cloud Computing Security Workshop (CCSW)},
  year      = {2011},
  pages     = {113-124},
}

@inproceedings{fhe15,
  author    = {Vinod Vaikuntanathan},
  title     = {Computing Blindfolded: New Developments in Fully Homomorphic
               Encryption},
  booktitle = {IEEE Symposium on Foundations of Computer Science (FOCS)},
  year      = {2011},
  pages     = {5-16},
}



@inproceedings{fhe17,
  author    = {Carlos Aguilar Melchor and
               Guilhem Castagnos and
               Philippe Gaborit},
  title     = {Lattice-based homomorphic encryption of vector spaces},
  booktitle = {ISIT},
  year      = {2008},
  pages     = {1858-1862},
}



@misc{googleknows,
  title ={What Google knows about you},
  author = {Robert L. Mitchell},
  howpublished ={\url{http://www.computerworld.com/s/article/337791/What_Google_Knows_About_You}}
}

@inproceedings{hotsec12,
  author = {Hilfi Alkaff and Krste Asanovic and Eric Love and Prashanth Mohan and Andrew Osheroff and Mohit Tiwari and Elaine Shi and Dawn Song},
  title ={Context-Centric Security},
  booktitle={USENIX Workshop on Hot Topics in Security (HotSec)},
  year ={2012}
}


@inproceedings{hotsec09,
  author = {Markus Jakobsson and Elaine Shi and Philippe Golle and Richard Chow},
  title ={ Implicit Authentication for Mobile Devices},
  booktitle={USENIX Workshop on Hot Topics in Security (HotSec)},
  year ={2009}
}

@inproceedings{hotos11,
  author ={Petros Maniatis and Devdatta Akhawe and Kevin Fall and Elaine Shi and Stephen McCamant and Dawn Song
},
 title={Do You Know Where Your Data Are? {S}ecure Data Capsules for Deployable Data Protection},
  booktitle ={Workshop on Hot Topics in Operating Systems (HotOS)},
  year = {2011}
}

@inproceedings{nova,
 author = {Steinberg, Udo and Kauer, Bernhard},
 title = {NOVA: a microhypervisor-based secure virtualization architecture},
 booktitle = {Proceedings of the 5th European conference on Computer systems},
 series = {EuroSys '10},
 year = {2010},
 isbn = {978-1-60558-577-2},
 location = {Paris, France},
 pages = {209--222},
 numpages = {14},
 acmid = {1755935},
 publisher = {ACM},
 address = {New York, NY, USA},
}

@inproceedings{mk01,
 author = {Liedtke, J.},
 title = {On micro-kernel construction},
 booktitle = {Proceedings of the fifteenth ACM symposium on Operating systems principles},
 series = {SOSP '95},
 year = {1995},
 isbn = {0-89791-715-4},
 location = {Copper Mountain, Colorado, United States},
 pages = {237--250},
 numpages = {14},
 acmid = {224075},
 publisher = {ACM},
 address = {New York, NY, USA},
}

@inproceedings{mk02,
 author = {Klein, Gerwin and Elphinstone, Kevin and Heiser, Gernot and Andronick, June and Cock, David and Derrin, Philip and Elkaduwe, Dhammika and Engelhardt, Kai and Kolanski, Rafal and Norrish, Michael and Sewell, Thomas and Tuch, Harvey and Winwood, Simon},
 title = {{seL4}: formal verification of an {OS} kernel},
 booktitle = {Proceedings of the ACM SIGOPS 22nd symposium on Operating systems principles},
 series = {SOSP '09},
 year = {2009},
 isbn = {978-1-60558-752-3},
 location = {Big Sky, Montana, USA},
 pages = {207--220},
 numpages = {14},
 acmid = {1629596},
 publisher = {ACM},
 address = {New York, NY, USA},
 keywords = {isabelle/hol, l4, microkernel, sel4},
}
 
@article{mk03,
 author = {Singaravelu, Lenin and Pu, Calton and H\"{a}rtig, Hermann and Helmuth, Christian},
 title = {Reducing {TCB} complexity for security-sensitive applications: three case studies},
 journal = {SIGOPS Oper. Syst. Rev.},
 issue_date = {October 2006},
 volume = {40},
 number = {4},
 month = apr,
 year = {2006},
 issn = {0163-5980},
 pages = {161--174},
 numpages = {14},
 acmid = {1217951},
 publisher = {ACM},
 address = {New York, NY, USA},
}

@INPROCEEDINGS{mk04,
    author = {Jonathan Shapiro and Ph. D and Michael Scott Doerrie and Eric Northup and Mark Miller},
    title = {Towards a verified, general-purpose operating system kernel},
    booktitle = {Proceedings of the 1st NICTA Workshop on Operating System Verification},
    year = {2004},
    pages = {1--18}
}

@InProceedings{clamp,
  author =    {Bryan Parno and Jonathan M. Mc{C}une and Dan Wendlandt and David G. Andersen and Adrian Perrig},
  title =     {CLAMP: Practical Prevention of Large-Scale Data Leaks},
  booktitle = {Proceedings of the 2009 IEEE Symposium on Security and Privacy},
  location =  {Oakland, CA, USA},
  day =       {17--20},
  month =     may,
  year =      2009
}



@inproceedings{fc12b,
 author = {Simon Barber and Xavier Boyen and Elaine Shi and Ersin Uzun},
 title = {Bitter to Better -- How to Make
Bitcoin a Better Currency},
 booktitle= {Financial Cryptography and Data Security (FC)},
 year = {2012}
}

@inproceedings{fc12,
 author = {T-H. Hubert Chan and Elaine Shi and Dawn Song},
 title = {Privacy-Preserving Stream Aggregation with
Fault Tolerance},
 booktitle= {Financial Cryptography and Data Security (FC)},
 year = {2012}
}

@inproceedings{esa12,
 author = {T-H. Hubert Chan and Elaine Shi and Dawn Song},
 title={Optimal Lower Bound for Differentially Private Multi-Party Aggregation},
 booktitle ={European Symposium on Algorithms (ESA)},
 year ={2012}
}

@inproceedings{pets12,
 author = {T-H. Hubert Chan and Mingfei Li and Elaine Shi and Wenchang Xu},
 title= {Privacy-Preserving Continual Monitoring of Heavy Hitters from Distributed Streams},
 booktitle ={Privacy Enhancing Technologies Symposium (PETS)},
 year ={2012}
}


@inproceedings{ndss11,
  author = {Elaine Shi and T-H. Hubert Chan and Eleanor Rieffel and Richard Chow and Dawn Song},
  title = {Privacy-Preserving Aggregation of Time-Series Data},
  booktitle = {Network and Distributed System Security Symposium (NDSS)},
  year = {2011},
}

@inproceedings{symenc,
 author = {Shen, Emily and Shi, Elaine and Waters, Brent},
 title = {Predicate Privacy in Encryption Systems},
  booktitle = {Theory of Cryptography Conference (TCC)},
 year = {2009},
 isbn = {978-3-642-00456-8},
 location = {San Francisco, CA},
 pages = {457--473},
 numpages = {17},
 acmid = {1530468},
 publisher = {Springer-Verlag},
 address = {Berlin, Heidelberg},
}


@inproceedings{delegation,
 author = {Shi, Elaine and Waters, Brent},
 title = {Delegating Capabilities in Predicate Encryption Systems},
 booktitle = {Proceedings of the 35th international colloquium on Automata, Languages and Programming, Part II},
 series = {ICALP '08},
 year = {2008},
 isbn = {978-3-540-70582-6},
 location = {Reykjavik, Iceland},
 pages = {560--578},
 numpages = {19},
 acmid = {1428046},
 publisher = {Springer-Verlag},
 address = {Berlin, Heidelberg},
}


@inproceedings{rangequery,
 author = {Shi, Elaine and Bethencourt, John and Chan, T-H. Hubert and Song, Dawn and Perrig, Adrian},
 title = {Multi-Dimensional Range Query over Encrypted Data},
 booktitle = {IEEE Symposium on Security and Privacy},
 year = {2007},
 pages = {350--364},
}



@inproceedings{opaak,
  author    = {Gabriel Maganis and
               Elaine Shi and
               Hao Chen and
               Dawn Song},
  title     = {Opaak: using mobile phones to limit anonymous identities
               online},
  booktitle = {International Conference on Mobile Systems,
Applications and Services (MobiSys)},
  year      = {2012},
  pages     = {295-308},
}


@inproceedings{pkc12,
  author    = {Emil Stefanov and
               Elaine Shi and
               Dawn Song},
  title     = {Policy-Enhanced Private Set Intersection: Sharing Information
               While Enforcing Privacy Policies},
  booktitle = {Public Key Cryptography},
  year      = {2012},
  pages     = {413-430},
}


@article{ieee12,
  author    = {Dawn Song and
               Elaine Shi and
               Ian Fischer and
               Umesh Shankar},
  title     = {Cloud Data Protection for the Masses},
  journal   = {IEEE Computer},
  volume    = {45},
  number    = {1},
  year      = {2012},
  pages     = {39-45},
}

@inproceedings{ijcnn11,
  author    = {Arvind Narayanan and
               Elaine Shi and
               Benjamin I. P. Rubinstein},
  title     = {Link prediction by de-anonymization: How We Won the Kaggle
               Social Network Challenge},
  booktitle = {IJCNN},
  year      = {2011},
  pages     = {1825-1834},
}

@inproceedings{sesoc11,
  author    = {Daisuke Mashima and
               Prateek Sarkar and
               Elaine Shi and
               Chris Li and
               Richard Chow and
               Dawn Song},
  title     = {Privacy settings from contextual attributes: A case study
               using Google Buzz},
  booktitle = {PerCom Workshops, IEEE International Workshop on
SEcurity and SOCial Networking (SESOC)},
  year      = {2011},
  pages     = {257-262},
}

@inproceedings{wisec11,
 author = {Hsiao, Hsu-Chun and Studer, Ahren and Dubey, Rituik and Shi, Elaine and Perrig, Adrian},
 title = {Efficient and secure threshold-based event validation for {VANET}s},
 booktitle = {Proceedings of the fourth ACM conference on Wireless network security},
 series = {WiSec '11},
 year = {2011},
 isbn = {978-1-4503-0692-8},
 location = {Hamburg, Germany},
 pages = {163--174},
 numpages = {12},
 acmid = {1998440},
 publisher = {ACM},
 address = {New York, NY, USA},
}


@article{tissec11,
  author    = {T.-H. Hubert Chan and
               Elaine Shi and
               Dawn Song},
  title     = {Private and Continual Release of Statistics},
  journal   = {ACM Transactions of Information and System Security (TISSEC)},
  volume    = {14},
  number    = {3},
  year      = {2011},
  pages     = {26},
}


@inproceedings{ccsw10,
  author    = {Richard Chow and
               Markus Jakobsson and
               Ryusuke Masuoka and
               Jesus Molina and
               Yuan Niu and
               Elaine Shi and
               Zhexuan Song},
  title     = {Authentication in the clouds: a framework and its application
               to mobile users},
  booktitle = {ACM Cloud Computing Security Workshop (CCSW)},
  year      = {2010},
  pages     = {1-6},
}

@inproceedings{fc10,
  author    = {John Bethencourt and
               Elaine Shi and
               Dawn Song},
  title     = {Signatures of Reputation},
  booktitle = {Financial Cryptography},
  year      = {2010},
  pages     = {400-407},
}

@inproceedings{icalp10,
 author = {Chan, T.-H. Hubert and Shi, Elaine and Song, Dawn},
 title = {Private and continual release of statistics},
 booktitle = {Proceedings of the 37th international colloquium conference on Automata, languages and programming: Part II},
 series = {ICALP'10},
 year = {2010},
 isbn = {3-642-14161-7, 978-3-642-14161-4},
 location = {Bordeaux, France},
 pages = {405--417},
 numpages = {13},
 url = {http://portal.acm.org/citation.cfm?id=1880999.1881044},
 acmid = {1881044},
 publisher = {Springer-Verlag},
 address = {Berlin, Heidelberg},
}

@inproceedings{isc10,
 author = {Shi, Elaine and Niu, Yuan and Jakobsson, Markus and Chow, Richard},
 title = {Implicit authentication through learning user behavior},
 booktitle = {Proceedings of the 13th international conference on Information security},
 series = {ISC'10},
 year = {2011},
 isbn = {978-3-642-18177-1},
 location = {Boca Raton, FL, USA},
 pages = {99--113},
 numpages = {15},
 acmid = {1949329},
 publisher = {Springer-Verlag},
 address = {Berlin, Heidelberg},
}



@inproceedings{ccsw09,
  author    = {Richard Chow and
               Philippe Golle and
               Markus Jakobsson and
               Elaine Shi and
               Jessica Staddon and
               Ryusuke Masuoka and
               Jesus Molina},
  title     = {Controlling data in the cloud: outsourcing computation without
               outsourcing control},
  booktitle = {ACM Cloud Computing Security Workshop (CCSW)},
  year      = {2009},
  pages     = {85-90},
}



@inproceedings{secon09,
 author = {Studer, Ahren and Shi, Elaine and Bai, Fan and Perrig, Adrian},
 title = {TACKing together efficient authentication, revocation, and privacy in {VANET}s},
 booktitle = {Proceedings of the 6th Annual IEEE communications society conference on Sensor, Mesh and Ad Hoc Communications and Networks},
 series = {SECON'09},
 year = {2009},
 isbn = {978-1-4244-2907-3},
 location = {Rome, Italy},
 pages = {484--492},
 numpages = {9},
 acmid = {1687354},
 publisher = {IEEE Press},
 address = {Piscataway, NJ, USA},
}


@inproceedings{sigcomm07,
  author    = {Bryan Parno and
               Dan Wendlandt and
               Elaine Shi and
               Adrian Perrig and
               Bruce M. Maggs and
               Yih-Chun Hu},
  title     = {Portcullis: protecting connection setup from denial-of-capability
               attacks},
  booktitle = {SIGCOMM},
  year      = {2007},
  pages     = {289-300},
}

@inproceedings{dom,
  author    = {Jonathan M. McCune and
               Elaine Shi and
               Adrian Perrig and
               Michael K. Reiter},
  title     = {Detection of Denial-of-Message Attacks on Sensor Network
               Broadcasts},
  booktitle = {IEEE Symposium on Security and Privacy},
  year      = {2005},
  pages     = {64-78},
}

@inproceedings{ipsn04,
  author    = {James Newsome and
               Elaine Shi and
               Dawn Xiaodong Song and
               Adrian Perrig},
  title     = {The sybil attack in sensor networks: analysis {\&} defenses},
  booktitle = {IPSN},
  year      = {2004},
  pages     = {259-268},
}


@misc{ppd,
 author = {Krste Asanovic and Jin Chen and David Culler and Petros Maniatis and Prashanth Mohan and Charalampos Papamanthou and Elaine Shi and
Dawn Song and Emil Stefanov and Mohit Tiwari and Nguyen Tran},
  title ={{PPD}: A Platform for Private Data},
  howpublished = {manuscript},
  year ={2012},
}

@inproceedings{multiserveroram,
  author    = {Steve Lu and
               Rafail Ostrovsky},
  title     = {Distributed Oblivious {RAM} for Secure Two-Party Computation},
  booktitle = {Theory of Cryptography Conference (TCC)},
  year      = {2013},
  pages     = {377-396},
}

@inproceedings{oblivistore,
 author = {Emil Stefanov and Elaine Shi},
 title = {ObliviStore: High Performance Oblivious Cloud Storage},
 booktitle = {IEEE Symposium on Security and Privacy (S \& P)},
 year = 2013,
}

@inproceedings{privatefs,
 author = {Peter Williams and Radu Sion and Alin Tomescu},
 title =  {PrivateFS: A Parallel Oblivious File System},
 booktitle = {ACM Conference on Computer and Communications Security (CCS)},
 year = {2012},
}

@inproceedings{phantom,
 author={ Martin Maas and Eric Love and Emil Stefanov and Mohit Tiwari and Elaine Shi and Kriste Asanovic and John Kubiatowicz and Dawn Song },
 title = {Phantom: Practical Oblivious Computation in a Secure Processor},
 booktitle = {CCS},
 year = 2013
}

@article{ascend02,
  author    = {Christopher W. Fletcher and
               Ling Ren and
               Albert Kwon and
               Marten van Dijk and
               Emil Stefanov and
               Srinivas Devadas},
  title     = {{RAW Path ORAM}: A Low-Latency, Low-Area Hardware {ORAM} Controller
               with Integrity Verification},
  journal   = {IACR Cryptology ePrint Archive},
  volume    = {2014},
  year      = {2014},
  pages     = {431},
}

@inproceedings{ascend01,
  author    = {Christopher W. Fletcher and
               Ling Ren and
               Xiangyao Yu and
               Marten van Dijk and
               Omer Khan and
               Srinivas Devadas},
  title     = {Suppressing the Oblivious {RAM} timing channel while making
               information leakage and program efficiency trade-offs},
  booktitle = {HPCA},
  year      = {2014},
  pages     = {213-224},
}

@inproceedings{ascend00,
  author    = {Ling Ren and
               Xiangyao Yu and
               Christopher W. Fletcher and
               Marten van Dijk and
               Srinivas Devadas},
  title     = {Design space exploration and optimization of path oblivious
               {RAM} in secure processors},
  booktitle = {ISCA},
  year      = {2013},
  pages     = {571-582},
}


@inproceedings{paralleloram,
  author    = {Jacob R. Lorch and
               Bryan Parno and
               James W. Mickens and
               Mariana Raykova and
               Joshua Schiffman},
  title     = {Shroud: ensuring private access to large-scale data in the
               data center},
  booktitle = {FAST},
  year      = {2013},
  pages     = {199-214},
}


@article{oram00,
 author = {Goldreich, Oded and Ostrovsky, Rafail},
 title = {Software protection and simulation on oblivious {RAM}s},
 journal = {J. ACM},
 year = {1996},
}

@inproceedings{oram01,
 author = {Goodrich, Michael T. and Mitzenmacher, Michael and Ohrimenko, Olga and Tamassia, Roberto},
 title = {Privacy-preserving group data access via stateless oblivious {RAM} simulation},
 booktitle = {SODA},
 year = {2012},
}

@inproceedings{oram02,
  author    = {Rafail Ostrovsky and
               Victor Shoup},
  title     = {Private Information Storage (Extended Abstract)},
  booktitle = {STOC},
  year      = {1997},
  pages     = {294-303},
}

@inproceedings{oram03,
 author = {Eyal Kushilevitz and Steve Lu and Rafail Ostrovsky},
 title = {On the (In)security of Hash-based Oblivious {RAM} and a New Balancing Scheme},
 booktitle = {SODA},
 year = 2012,
}

@inproceedings{oram04,
  author = {Michael T. Goodrich and Michael Mitzenmacher and Olga Ohrimenko and Roberto Tamassia},
  title = {Oblivious {RAM} Simulation with Efficient Worst-Case Access Overhead},
  booktitle = {CCSW},
  year = {2011},
}

@inproceedings{oram05,
  author    = {Ivan Damg{\aa}rd and
               Sigurd Meldgaard and
               Jesper Buus Nielsen},
  title     = {Perfectly Secure Oblivious {RAM} without Random Oracles},
  booktitle = {TCC},
  year      = {2011},
  pages     = {144-163},
}


@misc{oram06,
  author = {Dan Boneh and David Mazieres and Raluca Ada Popa},
  title = {Remote Oblivious Storage: Making Oblivious {RAM} practical},
  howpublished = {Manuscript, \url{http://dspace.mit.edu/bitstream/handle/1721.1/62006/MIT-CSAIL-TR-2011-018.pdf}},
  year = {2011}
}


@inproceedings{oram07,
 author = {Williams, Peter and Sion, Radu and Carbunar, Bogdan},
 title = {Building castles out of mud: practical access pattern privacy and correctness on untrusted storage},
 booktitle = {CCS},
 year = {2008},
 pages = {139--148},
}


@inproceedings{oram08,
  author    = {Peter Williams and
               Radu Sion},
  title     = {Usable {PIR}},
  booktitle = {Network and Distributed System Security Symposium (NDSS)},
  year      = {2008},
}

@inproceedings{oram09,
  author    = {Michael T. Goodrich and
               Michael Mitzenmacher},
  title     = {Privacy-Preserving Access of Outsourced Data via Oblivious
               {RAM} Simulation},
 booktitle = {ICALP},
  year      = {2011},
}


@inproceedings{oram10,
 author = {Goldreich, O.},
 title = {Towards a theory of software protection and simulation by oblivious {RAM}s},
 booktitle = {STOC},
 year = {1987},
}


@inproceedings{oram11,
 author = {Ostrovsky, R.},
 title = {Efficient computation on oblivious {RAM}s},
 booktitle = {ACM Symposium on Theory of Computing (STOC)},
 year = {1990},
}


@inproceedings{oram12,
 author = {Pinkas, Benny and Reinman, Tzachy},
 title = {Oblivious {RAM} revisited},
 booktitle = {CRYPTO},
 year = {2010},
}

@inproceedings{oram13,
  author = {Peter Williams and Radu Sion},
  title = {Round-Optimal Access Privacy on Outsourced Storage},
  booktitle = {ACM Conference on Computer and Communication Security (CCS)},
  year = {2012}
}


@inproceedings{ndss12,
  author = {Emil Stefanov and Elaine Shi and Dawn Song},
  title = {Towards Practical Oblivious {RAM}},
  booktitle = {Network and Distributed System Security Symposium (NDSS)},
  year = {2012},
}

@inproceedings{asiacrypt11,
  author    = {Elaine Shi and
               T.-H. Hubert Chan and
               Emil Stefanov and
               Mingfei Li},
  title     = {Oblivious {RAM} with {$O((\log N)^3)$} Worst-Case Cost},
  booktitle = {ASIACRYPT},
  year      = {2011},
}




@inproceedings{obliviad,
  author    = {Michael Backes and Aniket Kate and Matteo Maffe and Kim Pecina},
  title     = {ObliviAd: Provably Secure and Practical Online Behavioral Advertising},
  booktitle = {IEEE Symposium on Security and Privacy},
  year      = {2012},
}

@inproceedings{privad,
 author = {Guha, Saikat and Cheng, Bin and Francis, Paul},
 title = {Privad: practical privacy in online advertising},
 booktitle = {Proceedings of the 8th USENIX conference on Networked systems design and implementation},
 series = {NSDI'11},
 year = {2011},
 location = {Boston, MA},
 pages = {13--13},
 numpages = {1},
 url = {http://dl.acm.org/citation.cfm?id=1972457.1972475},
 acmid = {1972475},
 publisher = {USENIX Association},
 address = {Berkeley, CA, USA},
}



@inproceedings{adnostic,
  author    = {Vincent Toubiana and
               Arvind Narayanan and
               Dan Boneh and
               Helen Nissenbaum and
               Solon Barocas},
  title     = {Adnostic: Privacy Preserving Targeted Advertising},
  booktitle = {Network and Distributed System Security Symposium (NDSS)},
  year      = {2010},
}

@inproceedings{mobiad,
 author = {Haddadi, Hamed and Hui, Pan and Brown, Ian},
 title = {MobiAd: private and scalable mobile advertising},
 booktitle = {Proceedings of the fifth ACM international workshop on Mobility in the evolving internet architecture},
 series = {MobiArch '10},
 year = {2010},
 isbn = {978-1-4503-0143-5},
 location = {Chicago, Illinois, USA},
 pages = {33--38},
 numpages = {6},
 acmid = {1859993},
 publisher = {ACM},
 address = {New York, NY, USA},
}

@misc{mobiad2,
 author = {Michaela Goetz and Suman Nath},
 title = {Privacy-Aware Personalization for Mobile Advertising},
 howpublished = {Technical report, \url{http://research.microsoft.com/pubs/152497/01main.pdf}}
}


@inproceedings{pir00,
  author    = {Benny Chor and
               Oded Goldreich and
               Eyal Kushilevitz and
               Madhu Sudan},
  title     = {Private Information Retrieval},
  booktitle = {IEEE Symposium on Foundations of Computer Science (FOCS)},
  year      = {1995},
  pages     = {41-50},
}


@inproceedings{pir01,
 author = {Chor, Benny and Gilboa, Niv},
 title = {Computationally private information retrieval (extended abstract)},
 booktitle = {Proceedings of the twenty-ninth annual ACM symposium on Theory of computing},
 series = {STOC '97},
 year = {1997},
 location = {El Paso, Texas, United States},
 pages = {304--313},
 numpages = {10},
 publisher = {ACM},
 address = {New York, NY, USA},
}

@inproceedings{pir02,
  author    = {Yan-Cheng Chang},
  title     = {Single Database Private Information Retrieval with Logarithmic
               Communication},
  booktitle = {Information Security and Privacy: 9th Australasian Conference (ACISP)},
  year      = {2004},
  pages     = {50-61},
}


@inproceedings{pir03,
  author    = {Zvika Brakerski and
               Vinod Vaikuntanathan},
  title     = {Efficient Fully Homomorphic Encryption from (Standard) {LWE}},
  booktitle = {IEEE Symposium on Foundations of Computer Science (FOCS)},
  year      = {2011},
  pages     = {97-106},
}

@inproceedings{pir04,
  author    = {Craig Gentry and
               Zulfikar Ramzan},
  title     = {Single-Database Private Information Retrieval with Constant
               Communication Rate},
  booktitle = {International Colloquium on Automata, Languages and Programming (ICALP)},
  year      = {2005},
  pages     = {803-815},
}

@inproceedings{pir05,
 author = {Cachin, Christian and Micali, Silvio and Stadler, Markus},
 title = {Computationally private information retrieval with polylogarithmic communication},
 booktitle = {Proceedings of the 17th international conference on Theory and application of cryptographic techniques},
 series = {EUROCRYPT'99},
 year = {1999},
 isbn = {3-540-65889-0},
 location = {Prague, Czech Republic},
 pages = {402--414},
 numpages = {13},
 publisher = {Springer-Verlag},
 address = {Berlin, Heidelberg},
}

@inproceedings{pir06,
  author    = {Benny Chor and
               Niv Gilboa},
  title     = {Computationally Private Information Retrieval (Extended
               Abstract)},
  booktitle = {ACM Symposium on Theory of Computing (STOC)},
  year      = {1997},
  pages     = {304-313},
}

@inproceedings{pir07,
 author = {Kushilevitz, E. and Ostrovsky, R.},
 title = {Replication is not needed: single database, computationally-private information retrieval},
 booktitle = {Proceedings of the 38th Annual Symposium on Foundations of Computer Science},
 series = {FOCS '97},
 year = {1997},
 isbn = {0-8186-8197-7},
 url = {http://dl.acm.org/citation.cfm?id=795663.796363},
 acmid = {796363},
 publisher = {IEEE Computer Society},
 address = {Washington, DC, USA},
}


@inproceedings{pir08,
 author = {Lipmaa, Helger},
 title = {First {CPIR} protocol with data-dependent computation},
 booktitle = {Proceedings of the 12th international conference on Information security and cryptology},
 series = {ICISC'09},
 year = {2010},
 isbn = {3-642-14422-5, 978-3-642-14422-6},
 location = {Seoul, Korea},
 pages = {193--210},
 numpages = {18},
 url = {http://dl.acm.org/citation.cfm?id=1883749.1883769},
 acmid = {1883769},
 publisher = {Springer-Verlag},
 address = {Berlin, Heidelberg},
}

@inproceedings{pir09,
 author = {Ostrovsky, Rafail and Skeith,III., William E.},
 title = {A survey of single-database private information retrieval: techniques and applications},
 booktitle = {Proceedings of the 10th international conference on Practice and theory in public-key cryptography},
 series = {PKC'07},
 year = {2007},
 isbn = {978-3-540-71676-1},
 location = {Beijing, China},
 pages = {393--411},
 numpages = {19},
 url = {http://dl.acm.org/citation.cfm?id=1760564.1760599},
 acmid = {1760599},
 publisher = {Springer-Verlag},
 address = {Berlin, Heidelberg},
}

@article{pir10,
  author    = {William I. Gasarch},
  title     = {A Survey on Private Information Retrieval (Column: Computational
               Complexity)},
  journal   = {Bulletin of the EATCS},
  volume    = {82},
  year      = {2004},
  pages     = {72-107},
}

@article{pir11,
  author    = {Richard Beigel and
               Lance Fortnow and
               William I. Gasarch},
  title     = {A Nearly Tight Bound for Private Information Retrieval Protocols},
  journal   = {Electronic Colloquium on Computational Complexity (ECCC)},
  year      = {2003},
}

@INPROCEEDINGS{pir12,
    author = {Radu Sion and Bogdan Carbunar},
    title = {On the Computational Practicality of Private Information Retrieval},
    booktitle = {Network and Distributed Systems Security Symposium (NDSS)},
    year = {2007}
}

@inproceedings{pir13,
  author    = {Femi G. Olumofin and
               Ian Goldberg},
  title     = {Revisiting the Computational Practicality of Private Information
               Retrieval},
  booktitle = {Financial Cryptography},
  year      = {2011},
  pages     = {158-172},
}


@inproceedings{pir14,
 author = {Melchor, Carlos Aguilar and Crespin, Benoit and Gaborit, Philippe and Jolivet, Vincent and Rousseau, Pierre},
 title = {High-Speed Private Information Retrieval Computation on {GPU}},
 booktitle = {Proceedings of the 2008 Second International Conference on Emerging Security Information, Systems and Technologies},
 series = {SECURWARE '08},
 year = {2008},
 isbn = {978-0-7695-3329-2},
 pages = {263--272},
 numpages = {10},
 acmid = {1447928},
 publisher = {IEEE Computer Society},
 address = {Washington, DC, USA},
}

@article{pir15,
  author    = {Carlos Aguilar Melchor and
               Philippe Gaborit},
  title     = {A Lattice-Based Computationally-Efficient Private Information
               Retrieval Protocol},
  journal   = {IACR Cryptology ePrint Archive},
  volume    = {2007},
  year      = {2007},
  pages     = {446},
}



@inproceedings{gupt,
 title = {{GUPT}: Privacy Preserving Data Analysis Made Easy.},
 author = {Prashanth Mohan and Abhradeep Guha Thakurta and Elaine Shi and Dawn Song and David Culler},
 booktitle = {ACM SIGMOD},
 year = {2012},
}

@misc{facebook,
 title = {Facebook slammed for Privacy breach: Was your info shared?},
 howpublished = {\url{http://newsroom.blogs.cnn.com/2010/10/18/facebook-slammed-for-privacy-breach-are-you-at-risk/}}
}

@misc{facebookapp,
 title = {Facebook App Shares ``Friend'' Data With Marketers},
 author = {Cotton Delo Bio},
 howpublished ={http://adage.com/article/digital/facebook-app-shares-friend-data-marketers/233419/},
}

@misc{myspace,
  title = {MySpace hit by {FTC} for privacy violations},
  howpublished = {\url{http://www.digitaltrends.com/social-media/myspace-hit-by-ftc-for-privacy-violations/}}
}

@misc{microsoft,
  title = {{Microsoft Urges Laws to Boost Trust in the Cloud}},
  author = {Lance Whitney},
  howpublished = {\url{http://news.cnet.com/8301-1009_3-10437844-83.html}},
}




@inproceedings{McGregor10,
 author = {McGregor, Andrew and Mironov, Ilya and Pitassi, Toniann and Reingold, Omer and Talwar, Kunal and Vadhan, Salil},
 title = {The Limits of Two-Party Differential Privacy},
 booktitle = {Proceedings of the 2010 IEEE 51st Annual Symposium on Foundations of Computer Science},
 series = {FOCS '10},
 year = {2010},
 isbn = {978-0-7695-4244-7},
 pages = {81--90},
 numpages = {10},
 acmid = {1918372},
 publisher = {IEEE Computer Society},
 address = {Washington, DC, USA},
 keywords = {differential privacy, communication complexity, randomness extractors},
}


@article{streamsearch,
 author = {Bethencourt, John and Song, Dawn and Waters, Brent},
 title = {New Techniques for Private Stream Searching},
 journal = {ACM Trans. Inf. Syst. Secur.},
 volume = {12},
 issue = {3},
 month = {January},
 year = {2009},
 issn = {1094-9224},
 pages = {16:1--16:32},
 articleno = {16},
 numpages = {32},
 url = {http://doi.acm.org/10.1145/1455526.1455529},
 doi = {http://doi.acm.org/10.1145/1455526.1455529},
 acmid = {1455529},
 publisher = {ACM},
 address = {New York, NY, USA},
 keywords = {Bloom filter, private information retrieval, private stream searching, public key program obfuscation},
}


@inproceedings{psi,
 author = {Lea Kissner and Dawn Song},
 title = {Privacy-preserving set operations},
 booktitle = {CRYPTO},
 year ={2005},
}



@inproceedings{songsearch,
 author = {Song, Dawn Xiaodong and Wagner, David and Perrig, Adrian},
 title = {Practical Techniques for Searches on Encrypted Data},
 booktitle = {Proceedings of the 2000 IEEE Symposium on Security and Privacy},
 year = {2000},
 isbn = {0-7695-0665-8},
 acmid = {884426},
 publisher = {IEEE Computer Society},
 address = {Washington, DC, USA},
}




@inproceedings{ima,
 author = {Sailer, Reiner and Zhang, Xiaolan and Jaeger, Trent and van Doorn, Leendert},
 title = {Design and implementation of a {TCG}-based integrity measurement architecture},
 booktitle = {USENIX Security},
 year = {2004},
}



@article{provenance,
 author = {Hasan, Ragib and Sion, Radu and Winslett, Marianne},
 title = {Preventing history forgery with secure provenance},
 journal = {Trans. Storage},
 year = {2009},
}



@inproceedings{authdatastruct1,
 author = {Devanbu, Premkumar T. and Gertz, Michael and Martel, Charles U. and Stubblebine, Stuart G.},
 title = {Authentic Third-party Data Publication},
 booktitle = {IFIP TC11/ WG11.3 Conference on Database Security},
 year = {2001},
}

@article{ads01,
 author = {Martel, Charles and Nuckolls, Glen and Devanbu, Premkumar and Gertz, Michael and Kwong, April and Stubblebine, Stuart G.},
 title = {A General Model for Authenticated Data Structures},
 journal = {Algorithmica},
 year = {2004},
}


@misc{rockyou,
  author = {MG Siegler},
  title = {One Of The 32 Million With A {R}ock{Y}ou Account? {Y}ou May Want To Change All Your Passwords. {L}ike Now.},
  howpublished = {\url{http://techcrunch.com/2009/12/14/rockyou-hacked/}},
  year = {2009}
}

@inproceedings{privtrans,
 author = {Brumley, David and Song, Dawn},
 title = {Privtrans: automatically partitioning programs for privilege separation},
 booktitle = {Proceedings of the 13th conference on USENIX Security Symposium - Volume 13},
 series = {SSYM'04},
 year = {2004},
 location = {San Diego, CA},
 pages = {5--5},
 numpages = {1},
 url = {http://portal.acm.org/citation.cfm?id=1251375.1251380},
 acmid = {1251380},
 publisher = {USENIX Association},
 address = {Berkeley, CA, USA},
}



@inproceedings{airavat,
 author = {Roy, Indrajit and Setty, Srinath T. V. and Kilzer, Ann and Shmatikov, Vitaly and Witchel, Emmett},
 title = {Airavat: security and privacy for {MapReduce}},
 booktitle = {Proceedings of the 7th USENIX conference on Networked systems design and implementation},
 series = {NSDI'10},
 year = {2010},
 location = {San Jose, California},
 pages = {20--20},
 numpages = {1},
 url = {http://portal.acm.org/citation.cfm?id=1855711.1855731},
 acmid = {1855731},
 publisher = {USENIX Association},
 address = {Berkeley, CA, USA},
}

@article{pinq,
 author = {McSherry, Frank},
 title = {Privacy integrated queries: an extensible platform for privacy-preserving data analysis},
 journal = {Commun. ACM},
 issue_date = {September 2010},
 volume = {53},
 issue = {9},
 month = {September},
 year = {2010},
 issn = {0001-0782},
 pages = {89--97},
 numpages = {9},
 url = {http://doi.acm.org/10.1145/1810891.1810916},
 doi = {http://doi.acm.org/10.1145/1810891.1810916},
 acmid = {1810916},
 publisher = {ACM},
 address = {New York, NY, USA},
}



@inproceedings{privsep,
 author = {Murray, Derek G. and Hand, Steven},
 title = {Privilege separation made easy: trusting small libraries not big processes},
 booktitle = {EUROSEC},
 year = {2008},
}

@misc{blackbox,
 author = {Madhav Jha and Sofya Raskhodnikova},
 title = {Testing and Reconstruction of Lipschitz Functions with Applications to Data Privacy},
 howpublished = {Manuscript},
 year = {2011},
}

@inproceedings{plas09,
 author = {Newsome, James and McCamant, Stephen and Song, Dawn},
 title = {Measuring channel capacity to distinguish undue influence},
 booktitle = {PLAS},
 year = {2009},
}



@misc{aol,
 title = {{AOL} search data release reveals a great deal},
 howpublished = {\url{http://www.usatoday.com/tech/columnist/andrewkantor/2006-08-17-aol-data_x.htm}},
 year = {2006},
}



@article{wang10,
 author = {Wang, Daisy Zhe and Franklin, Michael J. and Garofalakis, Minos and Hellerstein, Joseph M.},
 title = {Querying probabilistic information extraction},
 journal = {Proceedings of the VLDB Endowment},
 year = 2010,
}


@inproceedings{sel4,
 author = {Klein, Gerwin and Elphinstone, Kevin and Heiser, Gernot and Andronick, June and Cock, David and Derrin, Philip and Elkaduwe, Dhammika and Engelhardt, Kai and Kolanski, Rafal and Norrish, Michael and Sewell, Thomas and Tuch, Harvey and Winwood, Simon},
 title = {seL4: formal verification of an OS kernel},
 booktitle = {SOSP},
 year = {2009},
}



@misc{googlefire,
  title = {Google fires engineer for violating privacy policies},
  howpublished = {\url{http://www.physorg.com/news203744839.html}},
  year = {2010}
}

@inproceedings{Ho:infotrack,
 author = {Ho, Alex and Fetterman, Michael and Clark, Christopher and Warfield, Andrew and Hand, Steven},
 title = {Practical taint-based protection using demand emulation},
 booktitle = {EuroSys},
 year = {2006},
}


@misc{valueofpriv,
 author ={Alessandro Acquisti and Leslie John and George Loewenstein},
 title = {What is privacy worth?},
 howpublished = {Online manuscript},
}


@inproceedings{vtpm,
 author = {Berger, Stefan and C\'{a}ceres, Ram\'{o}n and Goldman, Kenneth A. and Perez, Ronald and Sailer, Reiner and van Doorn, Leendert},
 title = {{vTPM}: virtualizing the trusted platform module},
 booktitle = {USENIX Security},
 year = {2006},
}

@inproceedings{logictcg,
 author = {Datta, Anupam and Franklin, Jason and Garg, Deepak and Kaynar, Dilsun},
 title = {A Logic of Secure Systems and its Application to Trusted Computing},
 booktitle = {IEEE Symposium on Security and Privacy},
 year = {2009},
}


@inproceedings{Naor:1998:CRC:1267549.1267566,
 author = {Naor, Moni and Nissim, Kobbi},
 title = {Certificate revocation and certificate update},
 booktitle = {USENIX Security},
 year = {1998},
}






@inproceedings{Hazay:2008:CTP:1455770.1455832,
 author = {Hazay, Carmit and Lindell, Yehuda},
 title = {Constructions of truly practical secure protocols using standardsmartcards},
 booktitle = {CCS},
 year = {2008},
}



@inproceedings{setintersect,
  author = {Marc Fischlin and Benny Pinkas and Ahmad-Reza Sadeghi and Thomas Schneider and Ivan Visconti},
  title = {Secure Set Intersection with Untrusted Hardware Tokens},
  booktitle = {CT-RSA},
  year = {2011},
}

@inproceedings{BIND,
 author = {Shi, Elaine and Perrig, Adrian and Doorn, Leendert Van},
 title = {{BIND}: A Fine-Grained Attestation Service for Secure Distributed Systems},
 booktitle = {S\&P},
 year = {2005},
}

@inproceedings{pioneer,
  author    = {Arvind Seshadri and
               Mark Luk and
               Elaine Shi and
               Adrian Perrig and
               Leendert van Doorn and
               Pradeep K. Khosla},
  title     = {Pioneer: verifying code integrity and enforcing untampered
               code execution on legacy systems},
  booktitle = {ACM Symposium on Operating Systems Principles (SOSP)},
  year      = {2005},
  pages     = {1-16},
}



@InProceedings{flicker,
  author =        {Jonathan M. McCune and Bryan Parno and Adrian Perrig and Michael K. Reiter and Hiroshi Isozaki},
  title =         {Flicker: An Execution Infrastructure for {TCB} Minimization},
  booktitle =     {EuroSys},
  year = {2008},
}


@article{BFibe,
  author = {Dan Boneh and Matt Franklin},
  title = {Identity-Based Encryption from the {Weil} Pairing},
  journal = {SIAM J. of Computing},
  year = 2003,
  note = {Extended abstract in Crypto'01}
}



@inproceedings{trustvisor,
	author = {Jonathan M. McCune and Yanlin Li and Ning Qu and
                    Zongwei Zhou and Anupam Datta and Virgil D. Gligor
                    and Adrian Perrig},
	title = {TrustVisor: Efficient {TCB} Reduction and Attestation},
	booktitle = {IEEE Symposium on Security and
                    Privacy},
	year = {2010},
}

@Inproceedings{KangMPS2011,
  author = {Min Gyung Kang and Stephen McCamant and Pongsin Poosankam and Dawn Song},
  title = {{DTA}++: Dynamic Taint Analysis with Targeted Control-Flow Propagation},
  booktitle = {Network and Distributed System Security Symposium (NDSS)},
  year = {2011},
}

@Article{Fenton74,
  author =       {Jeffrey S. Fenton},
  title =        {Memoryless Subsytems},
  journal =      {The Computer Journal},
  year =         1974,
  volume =       17,
  number =       2,
  pages =        "143--147",
  month =        may
}

@article{SabelfeldM2003,
  author={Sabelfeld, Andrei and Myers, Andrew C.},
  journal={IEEE Journal on Selected Areas in Communications},
  title={Language-based information-flow security},
  year={2003},
  month=jan,
  volume={21},
  number={1},
  pages={5--19},
}

@InProceedings{Myers99,
  author =       {Andrew C. Myers},
  title =        {{JFlow}: Practical Mostly-Static Information Flow Control},
  pages =        "228--241",
  BOOKTITLE = {ACM Conference on Principles of Programming Languages (POPL)},
  year =         1999,
}

@inproceedings{ReedP2010,
  author    = {Jason Reed and Benjamin C. Pierce},
  title     = {Distance makes the types grow stronger: a calculus for differential
               privacy},
  booktitle = {ICFP},
  year      = {2010},
  pages     = {157--168},
}

@inproceedings{MalechaMSW10,
  author = {Gregory Malecha and Greg Morrisett and Avraham Shinnar and Ryan Wisnesky},
  title = {Toward a verified relational database management system},
  BOOKTITLE = {ACM Conference on Principles of Programming Languages (POPL)},
  year = {2010},
  pages = {237--248},
}

@Misc{BitBlazeWebSite,
  key = {BitBlaze},
  title = {{BitBlaze}: Binary Analysis for Computer Security},
  note = {\url{http://bitblaze.cs.berkeley.edu/}}
}

@InProceedings{NewsomeS2005,
  author    = {James Newsome and Dawn Song},
  title     = {Dynamic Taint Analysis: Automatic Detection, Analysis, and Signature Generation of Exploit Attacks on Commodity Software},
  booktitle = {Network and Distributed System Security Symposium (NDSS)},
  year      = 2005,
}

@InProceedings{YinSEKK2007,
  author    = {Heng Yin and Dawn Song and Manuel Egele and Christopher Kruegel
        and Engin Kirda},
  title     = {{Panorama}: Capturing System-wide Information Flow for Malware
        Detection and Analysis},
  booktitle = {CCS},
  year      = 2007,
}

@InProceedings{SaxenaPMS2009,
  author = {Prateek Saxena and Pongsin Poosankam and Stephen McCamant and Dawn Song},
  title = {Loop-Extended Symbolic Execution on Binary Programs},
  booktitle = {ISSTA},
  year = 2009,
}

@InProceedings{BrumleyPSZ2008,
  author = {David Brumley and Pongsin Poosankam and Dawn Song and Jiang Zheng},
  title = {Automatic Patch-Based Exploit Generation is Possible: Techniques and Implications},
  booktitle = {IEEE Symposium on Security and Privacy},
  year = 2008,
}

@Inproceedings{CaballeroPMBS2010,
  author = {Juan Caballero and Pongsin Poosankam and Stephen McCamant and Domagoj Babi\'c and Dawn Song},
  title = {Input Generation via Decomposition and Re-Stitching: Finding Bugs in Malware},
  booktitle = {CCS},
  year = 2010,
}

@Misc{tboot,
  title = {Trusted Boot},
  howpublished = {\url{http://sourceforge.net/projects/tboot/}},
}

@inproceedings{kocher1999differential,
  title={Differential power analysis},
  author={Kocher, Paul and Jaffe, Joshua and Jun, Benjamin},
  booktitle={Advances in Cryptology—CRYPTO’99},
  pages={388--397},
  year={1999},
  organization={Springer}
}

@inproceedings{tiri2004logic,
  title={A logic level design methodology for a secure DPA resistant ASIC or FPGA implementation},
  author={Tiri, Kris and Verbauwhede, Ingrid},
  booktitle={Proceedings of the conference on Design, automation and test in Europe-Volume 1},
  pages={10246},
  year={2004},
  organization={IEEE Computer Society}
}

@incollection{agrawal2003side,
  title={The EM side—channel (s)},
  author={Agrawal, Dakshi and Archambeault, Bruce and Rao, Josyula R and Rohatgi, Pankaj},
  booktitle={Cryptographic Hardware and Embedded Systems-CHES 2002},
  pages={29--45},
  year={2003},
  publisher={Springer}
}
