@article{itakura1983public,
  author =        {K. ITAKURA},
  journal =       {NEC Research and Development},
  pages =         {1-8},
  title =         {A public-key cryptosystem suitable for digital
                   multisignature},
  volume =        {71},
  year =          {1983},
  url =           {https://cir.nii.ac.jp/crid/1572543025896144128},
}

@inproceedings{CCS:BelNev06,
  address =       {Alexandria, Virginia, USA},
  author =        {Mihir Bellare and Gregory Neven},
  booktitle =     {ACM CCS 2006: 13th Conference on Computer and
                   Communications Security},
  editor =        {Ari Juels and Rebecca N. Wright and
                   Sabrina {De Capitani di Vimercati}},
  month =         oct # {~30~--~} # nov # {~3,},
  pages =         {390--399},
  publisher =     {{ACM} Press},
  title =         {Multi-signatures in the plain public-Key model and a
                   general forking lemma},
  year =          {2006},
  doi =           {10.1145/1180405.1180453},
}

@inproceedings{CCS:MicOhtRey01,
  address =       {Philadelphia, PA, USA},
  author =        {Silvio Micali and Kazuo Ohta and Leonid Reyzin},
  booktitle =     {ACM CCS 2001: 8th Conference on Computer and
                   Communications Security},
  editor =        {Michael K. Reiter and Pierangela Samarati},
  month =         nov # {~5--8,},
  pages =         {245--254},
  publisher =     {{ACM} Press},
  title =         {Accountable-Subgroup Multisignatures: Extended
                   Abstract},
  year =          {2001},
  doi =           {10.1145/501983.502017},
}

@inproceedings{PKC:Boldyreva03,
  address =       {Miami, FL, USA},
  author =        {Alexandra Boldyreva},
  booktitle =     {PKC~2003: 6th International Workshop on Theory and
                   Practice in Public Key Cryptography},
  editor =        {Yvo Desmedt},
  month =         jan # {~6--8,},
  pages =         {31--46},
  publisher =     {Springer, Heidelberg, Germany},
  series =        {Lecture Notes in Computer Science},
  title =         {Threshold Signatures, Multisignatures and Blind
                   Signatures Based on the Gap-{Diffie}-{Hellman}-Group
                   Signature Scheme},
  volume =        {2567},
  year =          {2003},
  doi =           {10.1007/3-540-36288-6_3},
}

@inproceedings{EC:LOSSW06,
  address =       {St. Petersburg, Russia},
  author =        {Steve Lu and Rafail Ostrovsky and Amit Sahai and
                   Hovav Shacham and Brent Waters},
  booktitle =     {Advances in Cryptology -- {EUROCRYPT}~2006},
  editor =        {Serge Vaudenay},
  month =         may # {~28~--~} # jun # {~1,},
  pages =         {465--485},
  publisher =     {Springer, Heidelberg, Germany},
  series =        {Lecture Notes in Computer Science},
  title =         {Sequential Aggregate Signatures and Multisignatures
                   Without Random Oracles},
  volume =        {4004},
  year =          {2006},
  doi =           {10.1007/11761679_28},
}

@inproceedings{SP:DEFKLNS19,
  address =       {San Francisco, CA, USA},
  author =        {Manu Drijvers and Kasra Edalatnejad and Bryan Ford and
                   Eike Kiltz and Julian Loss and Gregory Neven and
                   Igors Stepanovs},
  booktitle =     {2019 {IEEE} Symposium on Security and Privacy},
  editor =        {},
  month =         may # {~19--23,},
  pages =         {1084--1101},
  publisher =     {{IEEE} Computer Society Press},
  title =         {On the Security of Two-Round Multi-Signatures},
  year =          {2019},
  doi =           {10.1109/SP.2019.00050},
}

@misc{EPRINT:CriKomMal21,
  author =        {Elizabeth Crites and Chelsea Komlo and Mary Maller},
  howpublished =  {Cryptology ePrint Archive, Report 2021/1375},
  note =          {\\url{https://eprint.iacr.org/2021/1375}},
  title =         {How to Prove Schnorr Assuming Schnorr: Security of
                   Multi- and Threshold Signatures},
  year =          {2021},
}

@inproceedings{CCS:BelRog93,
  address =       {Fairfax, Virginia, USA},
  author =        {Mihir Bellare and Phillip Rogaway},
  booktitle =     {ACM CCS 93: 1st Conference on Computer and
                   Communications Security},
  editor =        {Dorothy E. Denning and Raymond Pyle and Ravi Ganesan and
                   Ravi S. Sandhu and Victoria Ashby},
  month =         nov # {~3--5,},
  pages =         {62--73},
  publisher =     {{ACM} Press},
  title =         {Random Oracles are Practical: {A} Paradigm for
                   Designing Efficient Protocols},
  year =          {1993},
  doi =           {10.1145/168588.168596},
}

@inproceedings{EC:BelBolMic00,
  address =       {Bruges, Belgium},
  author =        {Mihir Bellare and Alexandra Boldyreva and
                   Silvio Micali},
  booktitle =     {Advances in Cryptology -- {EUROCRYPT}~2000},
  editor =        {Bart Preneel},
  month =         may # {~14--18,},
  pages =         {259--274},
  publisher =     {Springer, Heidelberg, Germany},
  series =        {Lecture Notes in Computer Science},
  title =         {Public-Key Encryption in a Multi-user Setting:
                   Security Proofs and Improvements},
  volume =        {1807},
  year =          {2000},
  doi =           {10.1007/3-540-45539-6_18},
}

@inproceedings{C:HofJag12,
  address =       {Santa Barbara, CA, USA},
  author =        {Dennis Hofheinz and Tibor Jager},
  booktitle =     {Advances in Cryptology -- {CRYPTO}~2012},
  editor =        {Reihaneh Safavi-Naini and Ran Canetti},
  month =         aug # {~19--23,},
  pages =         {590--607},
  publisher =     {Springer, Heidelberg, Germany},
  series =        {Lecture Notes in Computer Science},
  title =         {Tightly Secure Signatures and Public-Key Encryption},
  volume =        {7417},
  year =          {2012},
  doi =           {10.1007/978-3-642-32009-5_35},
}

@inproceedings{EC:BJLS16,
  address =       {Vienna, Austria},
  author =        {Christoph Bader and Tibor Jager and Yong Li and
                   Sven Sch{\\\"a}ge},
  booktitle =     {Advances in Cryptology -- {EUROCRYPT}~2016, Part~II},
  editor =        {Marc Fischlin and Jean-S{\\'{e}}bastien Coron},
  month =         may # {~8--12,},
  pages =         {273--304},
  publisher =     {Springer, Heidelberg, Germany},
  series =        {Lecture Notes in Computer Science},
  title =         {On the Impossibility of Tight Cryptographic
                   Reductions},
  volume =        {9666},
  year =          {2016},
  doi =           {10.1007/978-3-662-49896-5_10},
}

@inproceedings{EC:GHKW16,
  address =       {Vienna, Austria},
  author =        {Romain Gay and Dennis Hofheinz and Eike Kiltz and
                   Hoeteck Wee},
  booktitle =     {Advances in Cryptology -- {EUROCRYPT}~2016, Part~I},
  editor =        {Marc Fischlin and Jean-S{\\'{e}}bastien Coron},
  month =         may # {~8--12,},
  pages =         {1--27},
  publisher =     {Springer, Heidelberg, Germany},
  series =        {Lecture Notes in Computer Science},
  title =         {Tightly {CCA}-Secure Encryption Without Pairings},
  volume =        {9665},
  year =          {2016},
  doi =           {10.1007/978-3-662-49890-3_1},
}

@inproceedings{EC:Hofheinz17,
  address =       {Paris, France},
  author =        {Dennis Hofheinz},
  booktitle =     {Advances in Cryptology -- {EUROCRYPT}~2017, Part~III},
  editor =        {Jean-S{\\'{e}}bastien Coron and Jesper Buus Nielsen},
  month =         apr # {~30~--~} # may # {~4,},
  pages =         {489--518},
  publisher =     {Springer, Heidelberg, Germany},
  series =        {Lecture Notes in Computer Science},
  title =         {Adaptive Partitioning},
  volume =        {10212},
  year =          {2017},
  doi =           {10.1007/978-3-319-56617-7_17},
}

@inproceedings{TCC:BHJKL15,
  address =       {Warsaw, Poland},
  author =        {Christoph Bader and Dennis Hofheinz and Tibor Jager and
                   Eike Kiltz and Yong Li},
  booktitle =     {TCC~2015: 12th Theory of Cryptography Conference,
                   Part~I},
  editor =        {Yevgeniy Dodis and Jesper Buus Nielsen},
  month =         mar # {~23--25,},
  pages =         {629--658},
  publisher =     {Springer, Heidelberg, Germany},
  series =        {Lecture Notes in Computer Science},
  title =         {Tightly-Secure Authenticated Key Exchange},
  volume =        {9014},
  year =          {2015},
  doi =           {10.1007/978-3-662-46494-6_26},
}

@inproceedings{C:GjoJag18,
  address =       {Santa Barbara, CA, USA},
  author =        {Kristian Gj{\\o}steen and Tibor Jager},
  booktitle =     {Advances in Cryptology -- {CRYPTO}~2018, Part~II},
  editor =        {Hovav Shacham and Alexandra Boldyreva},
  month =         aug # {~19--23,},
  pages =         {95--125},
  publisher =     {Springer, Heidelberg, Germany},
  series =        {Lecture Notes in Computer Science},
  title =         {Practical and Tightly-Secure Digital Signatures and
                   Authenticated Key Exchange},
  volume =        {10992},
  year =          {2018},
  doi =           {10.1007/978-3-319-96881-0_4},
}

@inproceedings{AC:LLGW20,
  address =       {Daejeon, South Korea},
  author =        {Xiangyu Liu and Shengli Liu and Dawu Gu and
                   Jian Weng},
  booktitle =     {Advances in Cryptology -- {ASIACRYPT}~2020, Part~II},
  editor =        {Shiho Moriai and Huaxiong Wang},
  month =         dec # {~7--11,},
  pages =         {785--814},
  publisher =     {Springer, Heidelberg, Germany},
  series =        {Lecture Notes in Computer Science},
  title =         {Two-Pass Authenticated Key Exchange with Explicit
                   Authentication and Tight Security},
  volume =        {12492},
  year =          {2020},
  doi =           {10.1007/978-3-030-64834-3_27},
}

@inproceedings{C:HJKLPRS21,
  address =       {Virtual Event},
  author =        {Shuai Han and Tibor Jager and Eike Kiltz and
                   Shengli Liu and Jiaxin Pan and Doreen Riepel and
                   Sven Sch{\\\"a}ge},
  booktitle =     {Advances in Cryptology -- {CRYPTO}~2021, Part~IV},
  editor =        {Tal Malkin and Chris Peikert},
  month =         aug # {~16--20,},
  pages =         {670--700},
  publisher =     {Springer, Heidelberg, Germany},
  series =        {Lecture Notes in Computer Science},
  title =         {Authenticated Key Exchange and Signatures with Tight
                   Security in the Standard Model},
  volume =        {12828},
  year =          {2021},
  doi =           {10.1007/978-3-030-84259-8_23},
}

@inproceedings{ACNS:DavGun21,
  address =       {Kamakura, Japan},
  author =        {Hannah Davis and Felix G{\\\"u}nther},
  booktitle =     {ACNS 21: 19th International Conference on Applied
                   Cryptography and Network Security, Part~II},
  editor =        {Kazue Sako and Nils Ole Tippenhauer},
  month =         jun # {~21--24,},
  pages =         {448--479},
  publisher =     {Springer, Heidelberg, Germany},
  series =        {Lecture Notes in Computer Science},
  title =         {Tighter Proofs for the {SIGMA} and {TLS} 1.3 Key
                   Exchange Protocols},
  volume =        {12727},
  year =          {2021},
  doi =           {10.1007/978-3-030-78375-4_18},
}

@inproceedings{CCS:KatWan03,
  address =       {Washington, DC, USA},
  author =        {Jonathan Katz and Nan Wang},
  booktitle =     {ACM CCS 2003: 10th Conference on Computer and
                   Communications Security},
  editor =        {Sushil Jajodia and Vijayalakshmi Atluri and
                   Trent Jaeger},
  month =         oct # {~27--30,},
  pages =         {155--164},
  publisher =     {{ACM} Press},
  title =         {Efficiency Improvements for Signature Schemes with
                   Tight Security Reductions},
  year =          {2003},
  doi =           {10.1145/948109.948132},
}

@inproceedings{EC:AFLT12,
  address =       {Cambridge, UK},
  author =        {Michel Abdalla and Pierre-Alain Fouque and
                   Vadim Lyubashevsky and Mehdi Tibouchi},
  booktitle =     {Advances in Cryptology -- {EUROCRYPT}~2012},
  editor =        {David Pointcheval and Thomas Johansson},
  month =         apr # {~15--19,},
  pages =         {572--590},
  publisher =     {Springer, Heidelberg, Germany},
  series =        {Lecture Notes in Computer Science},
  title =         {Tightly-Secure Signatures from Lossy Identification
                   Schemes},
  volume =        {7237},
  year =          {2012},
  doi =           {10.1007/978-3-642-29011-4_34},
}

@inproceedings{PKC:BKKP15,
  address =       {Gaithersburg, MD, USA},
  author =        {Olivier Blazy and Saqib A. Kakvi and Eike Kiltz and
                   Jiaxin Pan},
  booktitle =     {PKC~2015: 18th International Conference on Theory and
                   Practice of Public Key Cryptography},
  editor =        {Jonathan Katz},
  month =         mar # {~30~--~} # apr # {~1,},
  pages =         {256--279},
  publisher =     {Springer, Heidelberg, Germany},
  series =        {Lecture Notes in Computer Science},
  title =         {Tightly-Secure Signatures from Chameleon Hash
                   Functions},
  volume =        {9020},
  year =          {2015},
  doi =           {10.1007/978-3-662-46447-2_12},
}

@inproceedings{AC:BoyLi16,
  address =       {Hanoi, Vietnam},
  author =        {Xavier Boyen and Qinyi Li},
  booktitle =     {Advances in Cryptology -- {ASIACRYPT}~2016, Part~II},
  editor =        {Jung Hee Cheon and Tsuyoshi Takagi},
  month =         dec # {~4--8,},
  pages =         {404--434},
  publisher =     {Springer, Heidelberg, Germany},
  series =        {Lecture Notes in Computer Science},
  title =         {Towards Tightly Secure Lattice Short Signature and
                   Id-Based Encryption},
  volume =        {10032},
  year =          {2016},
  doi =           {10.1007/978-3-662-53890-6_14},
}

@inproceedings{C:KilMasPan16,
  address =       {Santa Barbara, CA, USA},
  author =        {Eike Kiltz and Daniel Masny and Jiaxin Pan},
  booktitle =     {Advances in Cryptology -- {CRYPTO}~2016, Part~II},
  editor =        {Matthew Robshaw and Jonathan Katz},
  month =         aug # {~14--18,},
  pages =         {33--61},
  publisher =     {Springer, Heidelberg, Germany},
  series =        {Lecture Notes in Computer Science},
  title =         {Optimal Security Proofs for Signatures from
                   Identification Schemes},
  volume =        {9815},
  year =          {2016},
  doi =           {10.1007/978-3-662-53008-5_2},
}

@inproceedings{PKC:DGJL21,
  address =       {Virtual Event},
  author =        {Denis Diemert and Kai Gellert and Tibor Jager and
                   Lin Lyu},
  booktitle =     {PKC~2021: 24th International Conference on Theory and
                   Practice of Public Key Cryptography, Part~II},
  editor =        {Juan Garay},
  month =         may # {~10--13,},
  pages =         {1--31},
  publisher =     {Springer, Heidelberg, Germany},
  series =        {Lecture Notes in Computer Science},
  title =         {More Efficient Digital Signatures with Tight
                   Multi-user Security},
  volume =        {12711},
  year =          {2021},
  doi =           {10.1007/978-3-030-75248-4_1},
}

@inproceedings{PKC:PanWag22,
  address =       {Virtual Event},
  author =        {Jiaxin Pan and Benedikt Wagner},
  booktitle =     {PKC~2022: 25th International Conference on Theory and
                   Practice of Public Key Cryptography, Part~II},
  editor =        {Goichiro Hanaoka and Junji Shikata and
                   Yohei Watanabe},
  month =         mar # {~8--11,},
  pages =         {347--378},
  publisher =     {Springer, Heidelberg, Germany},
  series =        {Lecture Notes in Computer Science},
  title =         {Lattice-Based Signatures with Tight Adaptive
                   Corruptions and More},
  volume =        {13178},
  year =          {2022},
  doi =           {10.1007/978-3-030-97131-1_12},
}

@inproceedings{C:CheWee13,
  address =       {Santa Barbara, CA, USA},
  author =        {Jie Chen and Hoeteck Wee},
  booktitle =     {Advances in Cryptology -- {CRYPTO}~2013, Part~II},
  editor =        {Ran Canetti and Juan A. Garay},
  month =         aug # {~18--22,},
  pages =         {435--460},
  publisher =     {Springer, Heidelberg, Germany},
  series =        {Lecture Notes in Computer Science},
  title =         {Fully, (Almost) Tightly Secure {IBE} and Dual System
                   Groups},
  volume =        {8043},
  year =          {2013},
  doi =           {10.1007/978-3-642-40084-1_25},
}

@inproceedings{C:BlaKilPan14,
  address =       {Santa Barbara, CA, USA},
  author =        {Olivier Blazy and Eike Kiltz and Jiaxin Pan},
  booktitle =     {Advances in Cryptology -- {CRYPTO}~2014, Part~I},
  editor =        {Juan A. Garay and Rosario Gennaro},
  month =         aug # {~17--21,},
  pages =         {408--425},
  publisher =     {Springer, Heidelberg, Germany},
  series =        {Lecture Notes in Computer Science},
  title =         {({H}ierarchical) Identity-Based Encryption from
                   Affine Message Authentication},
  volume =        {8616},
  year =          {2014},
  doi =           {10.1007/978-3-662-44371-2_23},
}

@inproceedings{EC:GHKP18,
  address =       {Tel Aviv, Israel},
  author =        {Romain Gay and Dennis Hofheinz and Lisa Kohl and
                   Jiaxin Pan},
  booktitle =     {Advances in Cryptology -- {EUROCRYPT}~2018, Part~II},
  editor =        {Jesper Buus Nielsen and Vincent Rijmen},
  month =         apr # {~29~--~} # may # {~3,},
  pages =         {230--258},
  publisher =     {Springer, Heidelberg, Germany},
  series =        {Lecture Notes in Computer Science},
  title =         {More Efficient (Almost) Tightly Secure
                   Structure-Preserving Signatures},
  volume =        {10821},
  year =          {2018},
  doi =           {10.1007/978-3-319-78375-8_8},
}

@inproceedings{AC:LanPan20,
  address =       {Daejeon, South Korea},
  author =        {Roman Langrehr and Jiaxin Pan},
  booktitle =     {Advances in Cryptology -- {ASIACRYPT}~2020, Part~II},
  editor =        {Shiho Moriai and Huaxiong Wang},
  month =         dec # {~7--11,},
  pages =         {129--159},
  publisher =     {Springer, Heidelberg, Germany},
  series =        {Lecture Notes in Computer Science},
  title =         {Unbounded {HIBE} with Tight Security},
  volume =        {12492},
  year =          {2020},
  doi =           {10.1007/978-3-030-64834-3_5},
}

@inproceedings{EC:PanWag23,
  address =       {Lyon, France},
  author =        {Jiaxin Pan and Benedikt Wagner},
  booktitle =     {Advances in Cryptology -- {EUROCRYPT}~2023, Part~V},
  editor =        {Carmit Hazay and Martijn Stam},
  month =         apr # {~23--27,},
  pages =         {597--627},
  publisher =     {Springer, Heidelberg, Germany},
  series =        {Lecture Notes in Computer Science},
  title =         {Chopsticks: Fork-Free Two-Round Multi-signatures from
                   Non-interactive Assumptions},
  volume =        {14008},
  year =          {2023},
  doi =           {10.1007/978-3-031-30589-4_21},
}

@inproceedings{C:KurDes04,
  address =       {Santa Barbara, CA, USA},
  author =        {Kaoru Kurosawa and Yvo Desmedt},
  booktitle =     {Advances in Cryptology -- {CRYPTO}~2004},
  editor =        {Matthew Franklin},
  month =         aug # {~15--19,},
  pages =         {426--442},
  publisher =     {Springer, Heidelberg, Germany},
  series =        {Lecture Notes in Computer Science},
  title =         {A New Paradigm of Hybrid Encryption Scheme},
  volume =        {3152},
  year =          {2004},
  doi =           {10.1007/978-3-540-28628-8_26},
}

@article{JC:Schnorr91,
  author =        {Claus-Peter Schnorr},
  journal =       {Journal of Cryptology},
  month =         jan,
  number =        {3},
  pages =         {161--174},
  publisher =     {Springer, Heidelberg, Germany},
  title =         {Efficient Signature Generation by Smart Cards},
  volume =        {4},
  year =          {1991},
  doi =           {10.1007/BF00196725},
}

@article{DBLP:journals/dcc/MaxwellPSW19,
  author =        {Gregory Maxwell and Andrew Poelstra and
                   Yannick Seurin and Pieter Wuille},
  journal =       {Des. Codes Cryptogr.},
  number =        {9},
  pages =         {2139--2164},
  title =         {Simple Schnorr multi-signatures with applications to
                   Bitcoin},
  volume =        {87},
  year =          {2019},
  biburl =        {https://dblp.org/rec/journals/dcc/MaxwellPSW19.bib},
  bibsource =     {dblp computer science bibliography, https://dblp.org},
  doi =           {10.1007/S10623-019-00608-X},
  timestamp =     {Sat, 30 Sep 2023 10:11:35 +0200},
  url =           {https://doi.org/10.1007/s10623-019-00608-x},
}

@inproceedings{AC:BonDriNev18,
  address =       {Brisbane, Queensland, Australia},
  author =        {Dan Boneh and Manu Drijvers and Gregory Neven},
  booktitle =     {Advances in Cryptology -- {ASIACRYPT}~2018, Part~II},
  editor =        {Thomas Peyrin and Steven Galbraith},
  month =         dec # {~2--6,},
  pages =         {435--464},
  publisher =     {Springer, Heidelberg, Germany},
  series =        {Lecture Notes in Computer Science},
  title =         {Compact Multi-signatures for Smaller Blockchains},
  volume =        {11273},
  year =          {2018},
  doi =           {10.1007/978-3-030-03329-3_15},
}

@article{DBLP:journals/ijnc/FukumitsuH21,
  author =        {Masayuki Fukumitsu and Shingo Hasegawa},
  journal =       {Int. J. Netw. Comput.},
  number =        {2},
  pages =         {319--337},
  title =         {A Tightly Secure DDH-based Multisignature with
                   Public-Key Aggregation},
  volume =        {11},
  year =          {2021},
  biburl =        {https://dblp.org/rec/journals/ijnc/FukumitsuH21.bib},
  bibsource =     {dblp computer science bibliography, https://dblp.org},
  timestamp =     {Tue, 27 Jul 2021 18:01:33 +0200},
  url =           {http://www.ijnc.org/index.php/ijnc/article/view/257},
}

@inproceedings{CCS:NRSW20,
  address =       {Virtual Event, USA},
  author =        {Jonas Nick and Tim Ruffing and Yannick Seurin and
                   Pieter Wuille},
  booktitle =     {ACM CCS 2020: 27th Conference on Computer and
                   Communications Security},
  editor =        {Jay Ligatti and Xinming Ou and Jonathan Katz and
                   Giovanni Vigna},
  month =         nov # {~9--13,},
  pages =         {1717--1731},
  publisher =     {{ACM} Press},
  title =         {{MuSig}-{DN}: Schnorr Multi-Signatures with
                   Verifiably Deterministic Nonces},
  year =          {2020},
  doi =           {10.1145/3372297.3417236},
}

@inproceedings{C:NicRufSeu21,
  address =       {Virtual Event},
  author =        {Jonas Nick and Tim Ruffing and Yannick Seurin},
  booktitle =     {Advances in Cryptology -- {CRYPTO}~2021, Part~I},
  editor =        {Tal Malkin and Chris Peikert},
  month =         aug # {~16--20,},
  pages =         {189--221},
  publisher =     {Springer, Heidelberg, Germany},
  series =        {Lecture Notes in Computer Science},
  title =         {{MuSig2}: Simple Two-Round {Schnorr}
                   Multi-signatures},
  volume =        {12825},
  year =          {2021},
  doi =           {10.1007/978-3-030-84242-0_8},
}

@inproceedings{AC:BelDai21,
  address =       {Singapore},
  author =        {Mihir Bellare and Wei Dai},
  booktitle =     {Advances in Cryptology -- {ASIACRYPT}~2021, Part~IV},
  editor =        {Mehdi Tibouchi and Huaxiong Wang},
  month =         dec # {~6--10,},
  pages =         {650--678},
  publisher =     {Springer, Heidelberg, Germany},
  series =        {Lecture Notes in Computer Science},
  title =         {Chain Reductions for Multi-signatures and the {HBMS}
                   Scheme},
  volume =        {13093},
  year =          {2021},
  doi =           {10.1007/978-3-030-92068-5_22},
}

@inproceedings{C:AlpBur21,
  address =       {Virtual Event},
  author =        {Handan Kilin{\\c c} Alper and Jeffrey Burdges},
  booktitle =     {Advances in Cryptology -- {CRYPTO}~2021, Part~I},
  editor =        {Tal Malkin and Chris Peikert},
  month =         aug # {~16--20,},
  pages =         {157--188},
  publisher =     {Springer, Heidelberg, Germany},
  series =        {Lecture Notes in Computer Science},
  title =         {Two-Round Trip Schnorr Multi-signatures via
                   Delinearized Witnesses},
  volume =        {12825},
  year =          {2021},
  doi =           {10.1007/978-3-030-84242-0_7},
}

@inproceedings{PKC:DOTT21,
  address =       {Virtual Event},
  author =        {Ivan Damg{\\r a}rd and Claudio Orlandi and
                   Akira Takahashi and Mehdi Tibouchi},
  booktitle =     {PKC~2021: 24th International Conference on Theory and
                   Practice of Public Key Cryptography, Part~I},
  editor =        {Juan Garay},
  month =         may # {~10--13,},
  pages =         {99--130},
  publisher =     {Springer, Heidelberg, Germany},
  series =        {Lecture Notes in Computer Science},
  title =         {Two-Round n-out-of-n and Multi-signatures and
                   Trapdoor Commitment from Lattices},
  volume =        {12710},
  year =          {2021},
  doi =           {10.1007/978-3-030-75245-3_5},
}

@inproceedings{C:BosTakTib22,
  address =       {Santa Barbara, CA, USA},
  author =        {Cecilia Boschini and Akira Takahashi and
                   Mehdi Tibouchi},
  booktitle =     {Advances in Cryptology -- {CRYPTO}~2022, Part~II},
  editor =        {Yevgeniy Dodis and Thomas Shrimpton},
  month =         aug # {~15--18,},
  pages =         {276--305},
  publisher =     {Springer, Heidelberg, Germany},
  series =        {Lecture Notes in Computer Science},
  title =         {{MuSig}-{L}: Lattice-Based Multi-signature with
                   Single-Round Online Phase},
  volume =        {13508},
  year =          {2022},
  doi =           {10.1007/978-3-031-15979-4_10},
}

@inproceedings{EC:TesZhu23a,
  address =       {Lyon, France},
  author =        {Stefano Tessaro and Chenzhi Zhu},
  booktitle =     {Advances in Cryptology -- {EUROCRYPT}~2023, Part~V},
  editor =        {Carmit Hazay and Martijn Stam},
  month =         apr # {~23--27,},
  pages =         {628--658},
  publisher =     {Springer, Heidelberg, Germany},
  series =        {Lecture Notes in Computer Science},
  title =         {Threshold and Multi-signature Schemes from Linear
                   Hash Functions},
  volume =        {14008},
  year =          {2023},
  doi =           {10.1007/978-3-031-30589-4_22},
}

@inproceedings{C:FucKilLos18,
  address =       {Santa Barbara, CA, USA},
  author =        {Georg Fuchsbauer and Eike Kiltz and Julian Loss},
  booktitle =     {Advances in Cryptology -- {CRYPTO}~2018, Part~II},
  editor =        {Hovav Shacham and Alexandra Boldyreva},
  month =         aug # {~19--23,},
  pages =         {33--62},
  publisher =     {Springer, Heidelberg, Germany},
  series =        {Lecture Notes in Computer Science},
  title =         {The Algebraic Group Model and its Applications},
  volume =        {10992},
  year =          {2018},
  doi =           {10.1007/978-3-319-96881-0_2},
}

@misc{EPRINT:TSSHO23,
  author =        {Kaoru Takemure and Yusuke Sakai and Bagus Santoso and
                   Goichiro Hanaoka and Kazuo Ohta},
  howpublished =  {Cryptology ePrint Archive, Report 2023/155},
  note =          {\\url{https://eprint.iacr.org/2023/155}},
  title =         {More Efficient Two-Round Multi-Signature Scheme with
                   Provably Secure Parameters},
  year =          {2023},
}

@article{JC:GJKW07,
  author =        {Eu-Jin Goh and Stanislaw Jarecki and Jonathan Katz and
                   Nan Wang},
  journal =       {Journal of Cryptology},
  month =         oct,
  number =        {4},
  pages =         {493--514},
  publisher =     {Springer, Heidelberg, Germany},
  title =         {Efficient Signature Schemes with Tight Reductions to
                   the {Diffie}-{Hellman} Problems},
  volume =        {20},
  year =          {2007},
  doi =           {10.1007/s00145-007-0549-3},
}

@misc{fullversion,
  author =        {J. Pan and B. Wagner},
  journal =       {Cryptology ePrint Archive},
  title =         {Toothpicks: More efficient fork-free two-round},
  url =           {https://eprint.iacr.org/2023/1613},
}

@inproceedings{C:EHKRV13,
  address =       {Santa Barbara, CA, USA},
  author =        {Alex Escala and Gottfried Herold and Eike Kiltz and
                   Carla R{\\`a}fols and Jorge Villar},
  booktitle =     {Advances in Cryptology -- {CRYPTO}~2013, Part~II},
  editor =        {Ran Canetti and Juan A. Garay},
  month =         aug # {~18--22,},
  pages =         {129--147},
  publisher =     {Springer, Heidelberg, Germany},
  series =        {Lecture Notes in Computer Science},
  title =         {An Algebraic Framework for {Diffie}-{Hellman}
                   Assumptions},
  volume =        {8043},
  year =          {2013},
  doi =           {10.1007/978-3-642-40084-1_8},
}

@inproceedings{EC:HauKilLos19,
  address =       {Darmstadt, Germany},
  author =        {Eduard Hauck and Eike Kiltz and Julian Loss},
  booktitle =     {Advances in Cryptology -- {EUROCRYPT}~2019, Part~III},
  editor =        {Yuval Ishai and Vincent Rijmen},
  month =         may # {~19--23,},
  pages =         {345--375},
  publisher =     {Springer, Heidelberg, Germany},
  series =        {Lecture Notes in Computer Science},
  title =         {A Modular Treatment of Blind Signatures from
                   Identification Schemes},
  volume =        {11478},
  year =          {2019},
  doi =           {10.1007/978-3-030-17659-4_12},
}

@inproceedings{AC:KatLosRos21,
  address =       {Singapore},
  author =        {Jonathan Katz and Julian Loss and Michael Rosenberg},
  booktitle =     {Advances in Cryptology -- {ASIACRYPT}~2021, Part~IV},
  editor =        {Mehdi Tibouchi and Huaxiong Wang},
  month =         dec # {~6--10,},
  pages =         {468--492},
  publisher =     {Springer, Heidelberg, Germany},
  series =        {Lecture Notes in Computer Science},
  title =         {Boosting the Security of Blind Signature Schemes},
  volume =        {13093},
  year =          {2021},
  doi =           {10.1007/978-3-030-92068-5_16},
}

@inproceedings{C:CHLLW22,
  address =       {Santa Barbara, CA, USA},
  author =        {Rutchathon Chairattana-Apirom and Lucjan Hanzlik and
                   Julian Loss and Anna Lysyanskaya and Benedikt Wagner},
  booktitle =     {Advances in Cryptology -- {CRYPTO}~2022, Part~III},
  editor =        {Yevgeniy Dodis and Thomas Shrimpton},
  month =         aug # {~15--18,},
  pages =         {3--31},
  publisher =     {Springer, Heidelberg, Germany},
  series =        {Lecture Notes in Computer Science},
  title =         {{PI}-Cut-Choo and Friends: Compact Blind Signatures
                   via Parallel Instance Cut-and-Choose and More},
  volume =        {13509},
  year =          {2022},
  doi =           {10.1007/978-3-031-15982-4_1},
}

