@misc{fullversion,
  author = {J. Pan and B. Wagner},
  title={Toothpicks: More efficient fork-free two-round},
  journal={Cryptology ePrint Archive},
  url={https://eprint.iacr.org/2023/1613}
}
@article{DBLP:journals/ijnc/FukumitsuH21,
  author       = {Masayuki Fukumitsu and
                  Shingo Hasegawa},
  title        = {A Tightly Secure DDH-based Multisignature with Public-Key Aggregation},
  journal      = {Int. J. Netw. Comput.},
  volume       = {11},
  number       = {2},
  pages        = {319--337},
  year         = {2021},
  url          = {http://www.ijnc.org/index.php/ijnc/article/view/257},
  timestamp    = {Tue, 27 Jul 2021 18:01:33 +0200},
  biburl       = {https://dblp.org/rec/journals/ijnc/FukumitsuH21.bib},
  bibsource    = {dblp computer science bibliography, https://dblp.org}
}
@article{DBLP:journals/dcc/MaxwellPSW19,
  author       = {Gregory Maxwell and
                  Andrew Poelstra and
                  Yannick Seurin and
                  Pieter Wuille},
  title        = {Simple Schnorr multi-signatures with applications to Bitcoin},
  journal      = {Des. Codes Cryptogr.},
  volume       = {87},
  number       = {9},
  pages        = {2139--2164},
  year         = {2019},
  url          = {https://doi.org/10.1007/s10623-019-00608-x},
  doi          = {10.1007/S10623-019-00608-X},
  timestamp    = {Sat, 30 Sep 2023 10:11:35 +0200},
  biburl       = {https://dblp.org/rec/journals/dcc/MaxwellPSW19.bib},
  bibsource    = {dblp computer science bibliography, https://dblp.org}
}
@article{itakura1983public,
author={K. ITAKURA},
title={A public-key cryptosystem suitable for digital multisignature},
journal={NEC Research and Development},
year={1983},
volume={71},
pages={1-8},
URL={https://cir.nii.ac.jp/crid/1572543025896144128}
}