%% LaTeX2e file `the.bib'
%% generated by the `filecontents' environment
%% from source `main' on 2024/06/03.
%%
@misc{CamelCase,
  author = {Fester Bestertester},
  Title = {What happens to this title?},
  title = {This has a camel case key},
}

@misc{camelcase,
  author = {Foster Bostertoster},
  title = {This has a lower case key}
}

@misc{another,
 aUTHOR = {Anthony Ordinary},
 title = {Just a third entry},
}

@misc{another,
  aUTHOR = {Susan Second},
  title = {The second entry with key of another}
}
