

@misc{WhiteCity,
  author =        {ZenGo},
  title =         {{White-City}: {A} Framework For Massive MPC with
                   Partial Synchrony and Partially Authenticated
                   Channels},
  year =          {2020},
  url =           {https://github.com/ZenGo-X/white-city/blob/master/White-
                  City-Report/whitecity_new.pdf},
}

@inproceedings{FOCS:DolYao81,
  address =       {Nashville, TN, USA},
  author =        {Danny Dolev and Andrew Chi-Chih Yao},
  booktitle =     {22nd Annual Symposium on Foundations of Computer
                   Science},
  editor =        {},
  month =         oct # {~28--30,},
  pages =         {350--357},
  publisher =     {{IEEE} Computer Society Press},
  title =         {On the Security of Public Key Protocols (Extended
                   Abstract)},
  year =          {1981},
  doi =           {10.1109/SFCS.1981.32},
}

@inproceedings{AC:BJMS20,
  address =       {Daejeon, South Korea},
  author =        {Saikrishna Badrinarayanan and Aayush Jain and
                   Nathan Manohar and Amit Sahai},
  booktitle =     {Advances in Cryptology -- {ASIACRYPT}~2020, Part~III},
  editor =        {Shiho Moriai and Huaxiong Wang},
  month =         dec # {~7--11,},
  pages =         {120--150},
  publisher =     {Springer, Heidelberg, Germany},
  series =        {Lecture Notes in Computer Science},
  title =         {Secure {MPC}: Laziness Leads to {GOD}},
  volume =        {12493},
  year =          {2020},
  doi =           {10.1007/978-3-030-64840-4_5},
}

@inproceedings{C:CGGJK21,
  address =       {Virtual Event},
  author =        {Arka Rai Choudhuri and Aarushi Goel and Matthew Green and
                   Abhishek Jain and Gabriel Kaptchuk},
  booktitle =     {Advances in Cryptology -- {CRYPTO}~2021, Part~II},
  editor =        {Tal Malkin and Chris Peikert},
  month =         aug # {~16--20,},
  pages =         {94--123},
  publisher =     {Springer, Heidelberg, Germany},
  series =        {Lecture Notes in Computer Science},
  title =         {Fluid {MPC}: Secure Multiparty Computation with
                   Dynamic Participants},
  volume =        {12826},
  year =          {2021},
  doi =           {10.1007/978-3-030-84245-1_4},
}

@inproceedings{C:GHKMNRY21,
  address =       {Virtual Event},
  author =        {Craig Gentry and Shai Halevi and Hugo Krawczyk and
                   Bernardo Magri and Jesper Buus Nielsen and Tal Rabin and
                   Sophia Yakoubov},
  booktitle =     {Advances in Cryptology -- {CRYPTO}~2021, Part~II},
  editor =        {Tal Malkin and Chris Peikert},
  month =         aug # {~16--20,},
  pages =         {64--93},
  publisher =     {Springer, Heidelberg, Germany},
  series =        {Lecture Notes in Computer Science},
  title =         {{YOSO}: You Only Speak Once - Secure {MPC} with
                   Stateless Ephemeral Roles},
  volume =        {12826},
  year =          {2021},
  doi =           {10.1007/978-3-030-84245-1_3},
}

@misc{EPRINT:DamEscPol21,
  author =        {Ivan Damg{\r a}rd and Daniel Escudero and
                   Antigoni Polychroniadou},
  howpublished =  {Cryptology ePrint Archive, Report 2021/1376},
  note =          {\url{https://eprint.iacr.org/2021/1376}},
  title =         {Phoenix: Secure Computation in an Unstable Network
                   with Dropouts and Comebacks},
  year =          {2021},
}

@inproceedings{C:FitHirMau98,
  address =       {Santa Barbara, CA, USA},
  author =        {Matthias Fitzi and Martin Hirt and Ueli M. Maurer},
  booktitle =     {Advances in Cryptology -- {CRYPTO}'98},
  editor =        {Hugo Krawczyk},
  month =         aug # {~23--27,},
  pages =         {121--136},
  publisher =     {Springer, Heidelberg, Germany},
  series =        {Lecture Notes in Computer Science},
  title =         {Trading Correctness for Privacy in Unconditional
                   Multi-Party Computation (Extended Abstract)},
  volume =        {1462},
  year =          {1998},
  doi =           {10.1007/BFb0055724},
}

@inproceedings{C:RacSch22,
  address =       {Santa Barbara, CA, USA},
  author =        {Rahul Rachuri and Peter Scholl},
  booktitle =     {Advances in Cryptology -- {CRYPTO}~2022, Part~I},
  editor =        {Yevgeniy Dodis and Thomas Shrimpton},
  month =         aug # {~15--18,},
  pages =         {719--749},
  publisher =     {Springer, Heidelberg, Germany},
  series =        {Lecture Notes in Computer Science},
  title =         {Le Mans: Dynamic and Fluid {MPC} for Dishonest
                   Majority},
  volume =        {13507},
  year =          {2022},
  doi =           {10.1007/978-3-031-15802-5_25},
}

@inproceedings{TCC:AHKP22,
  address =       {Chicago, IL, USA},
  author =        {Anasuya Acharya and Carmit Hazay and
                   Vladimir Kolesnikov and Manoj Prabhakaran},
  booktitle =     {TCC~2022: 20th Theory of Cryptography Conference,
                   Part~II},
  editor =        {Eike Kiltz and Vinod Vaikuntanathan},
  month =         nov # {~7--10,},
  pages =         {502--531},
  publisher =     {Springer, Heidelberg, Germany},
  series =        {Lecture Notes in Computer Science},
  title =         {{SCALES} - {MPC} with Small Clients and Larger
                   Ephemeral Servers},
  volume =        {13748},
  year =          {2022},
  doi =           {10.1007/978-3-031-22365-5_18},
}

@misc{EPRINT:ANOS22,
  author =        {Bar Alon and Moni Naor and Eran Omri and Uri Stemmer},
  howpublished =  {Cryptology ePrint Archive, Report 2022/902},
  note =          {\url{https://eprint.iacr.org/2022/902}},
  title =         {{MPC} for Tech Giants ({GMPC}): Enabling Gulliver and
                   the Lilliputians to Cooperate Amicably},
  year =          {2022},
}

@inproceedings{TCC:BBGHIN21,
  address =       {Raleigh, NC, USA},
  author =        {Fabrice Benhamouda and Elette Boyle and Niv Gilboa and
                   Shai Halevi and Yuval Ishai and Ariel Nof},
  booktitle =     {TCC~2021: 19th Theory of Cryptography Conference,
                   Part~II},
  editor =        {Kobbi Nissim and Brent Waters},
  month =         nov # {~8--11,},
  pages =         {129--161},
  publisher =     {Springer, Heidelberg, Germany},
  series =        {Lecture Notes in Computer Science},
  title =         {Generalized Pseudorandom Secret Sharing and Efficient
                   Straggler-Resilient Secure Computation},
  volume =        {13043},
  year =          {2021},
  doi =           {10.1007/978-3-030-90453-1_5},
}

@inproceedings{STOC:GIPST14,
  address =       {New York, NY, USA},
  author =        {Daniel Genkin and Yuval Ishai and Manoj Prabhakaran and
                   Amit Sahai and Eran Tromer},
  booktitle =     {46th Annual {ACM} Symposium on Theory of Computing},
  editor =        {David B. Shmoys},
  month =         may # {~31~--~} # jun # {~3,},
  pages =         {495--504},
  publisher =     {{ACM} Press},
  title =         {Circuits resilient to additive attacks with
                   applications to secure computation},
  year =          {2014},
  doi =           {10.1145/2591796.2591861},
}

@article{Maurer,
  author =        {Ueli M. Maurer},
  journal =       {Discrete Applied Mathematics},
  number =        {2},
  pages =         {370--381},
  title =         {Secure multi-party computation made simple},
  volume =        {154},
  year =          {2006},
  doi =           {10.1016/j.dam.2005.03.020},
}

@inproceedings{C:DamNie07,
  address =       {Santa Barbara, CA, USA},
  author =        {Ivan Damg{\aa}rd and Jesper Buus Nielsen},
  booktitle =     {Advances in Cryptology -- {CRYPTO}~2007},
  editor =        {Alfred Menezes},
  month =         aug # {~19--23,},
  pages =         {572--590},
  publisher =     {Springer, Heidelberg, Germany},
  series =        {Lecture Notes in Computer Science},
  title =         {Scalable and Unconditionally Secure Multiparty
                   Computation},
  volume =        {4622},
  year =          {2007},
  doi =           {10.1007/978-3-540-74143-5_32},
}

@inproceedings{C:CGHIKL18,
  address =       {Santa Barbara, CA, USA},
  author =        {Koji Chida and Daniel Genkin and Koki Hamada and
                   Dai Ikarashi and Ryo Kikuchi and Yehuda Lindell and
                   Ariel Nof},
  booktitle =     {Advances in Cryptology -- {CRYPTO}~2018, Part~III},
  editor =        {Hovav Shacham and Alexandra Boldyreva},
  month =         aug # {~19--23,},
  pages =         {34--64},
  publisher =     {Springer, Heidelberg, Germany},
  series =        {Lecture Notes in Computer Science},
  title =         {Fast Large-Scale Honest-Majority {MPC} for Malicious
                   Adversaries},
  volume =        {10993},
  year =          {2018},
  doi =           {10.1007/978-3-319-96878-0_2},
}

@inproceedings{SCN:Maurer02,
  address =       {Amalfi, Italy},
  author =        {Ueli M. Maurer},
  booktitle =     {SCN 02: 3rd International Conference on Security in
                   Communication Networks},
  editor =        {Stelvio Cimato and Clemente Galdi and
                   Giuseppe Persiano},
  month =         sep # {~12--13,},
  pages =         {14--28},
  publisher =     {Springer, Heidelberg, Germany},
  series =        {Lecture Notes in Computer Science},
  title =         {Secure Multi-party Computation Made Simple (Invited
                   Talk)},
  volume =        {2576},
  year =          {2003},
  doi =           {10.1007/3-540-36413-7_2},
}

@inproceedings{C:GoyLiuSon19,
  address =       {Santa Barbara, CA, USA},
  author =        {Vipul Goyal and Yanyi Liu and Yifan Song},
  booktitle =     {Advances in Cryptology -- {CRYPTO}~2019, Part~II},
  editor =        {Alexandra Boldyreva and Daniele Micciancio},
  month =         aug # {~18--22,},
  pages =         {85--114},
  publisher =     {Springer, Heidelberg, Germany},
  series =        {Lecture Notes in Computer Science},
  title =         {Communication-Efficient Unconditional {MPC} with
                   Guaranteed Output Delivery},
  volume =        {11693},
  year =          {2019},
  doi =           {10.1007/978-3-030-26951-7_4},
}

@inproceedings{CCS:FurLin19,
  address =       {London, UK},
  author =        {Jun Furukawa and Yehuda Lindell},
  booktitle =     {ACM CCS 2019: 26th Conference on Computer and
                   Communications Security},
  editor =        {Lorenzo Cavallaro and Johannes Kinder and
                   XiaoFeng Wang and Jonathan Katz},
  month =         nov # {~11--15,},
  pages =         {1557--1571},
  publisher =     {{ACM} Press},
  title =         {Two-Thirds Honest-Majority {MPC} for Malicious
                   Adversaries at Almost the Cost of Semi-Honest},
  year =          {2019},
  doi =           {10.1145/3319535.3339811},
}

@misc{EPRINT:GoySon20,
  author =        {Vipul Goyal and Yifan Song},
  howpublished =  {\href{https://eprint.iacr.org/2020/134}{Cryptology ePrint Archive, Report 2020/134}},
  note =          {See \cite{C:GoySonZhu20}},
  title =         {Malicious Security Comes Free in Honest-Majority
                   {MPC}},
  year =          {2020},
}

@inproceedings{C:GoySonZhu20,
  address =       {Santa Barbara, CA, USA},
  author =        {Vipul Goyal and Yifan Song and Chenzhi Zhu},
  booktitle =     {Advances in Cryptology -- {CRYPTO}~2020, Part~II},
  editor =        {Daniele Micciancio and Thomas Ristenpart},
  month =         aug # {~17--21,},
  pages =         {618--646},
  publisher =     {Springer, Heidelberg, Germany},
  series =        {Lecture Notes in Computer Science},
  title =         {Guaranteed Output Delivery Comes Free in Honest
                   Majority {MPC}},
  volume =        {12171},
  year =          {2020},
  doi =           {10.1007/978-3-030-56880-1_22},
}

@inproceedings{C:BBCGI19,
  address =       {Santa Barbara, CA, USA},
  author =        {Dan Boneh and Elette Boyle and Henry {Corrigan-Gibbs} and
                   Niv Gilboa and Yuval Ishai},
  booktitle =     {Advances in Cryptology -- {CRYPTO}~2019, Part~III},
  editor =        {Alexandra Boldyreva and Daniele Micciancio},
  month =         aug # {~18--22,},
  pages =         {67--97},
  publisher =     {Springer, Heidelberg, Germany},
  series =        {Lecture Notes in Computer Science},
  title =         {Zero-Knowledge Proofs on Secret-Shared Data via Fully
                   Linear {PCPs}},
  volume =        {11694},
  year =          {2019},
  doi =           {10.1007/978-3-030-26954-8_3},
}

@inproceedings{C:HalLinPin11,
  address =       {Santa Barbara, CA, USA},
  author =        {Shai Halevi and Yehuda Lindell and Benny Pinkas},
  booktitle =     {Advances in Cryptology -- {CRYPTO}~2011},
  editor =        {Phillip Rogaway},
  month =         aug # {~14--18,},
  pages =         {132--150},
  publisher =     {Springer, Heidelberg, Germany},
  series =        {Lecture Notes in Computer Science},
  title =         {Secure Computation on the Web: Computing without
                   Simultaneous Interaction},
  volume =        {6841},
  year =          {2011},
  doi =           {10.1007/978-3-642-22792-9_8},
}

@inproceedings{ITCS:HIJKR16,
  address =       {Cambridge, MA, USA},
  author =        {Shai Halevi and Yuval Ishai and Abhishek Jain and
                   Eyal Kushilevitz and Tal Rabin},
  booktitle =     {ITCS 2016: 7th Conference on Innovations in
                   Theoretical Computer Science},
  editor =        {Madhu Sudan},
  month =         jan # {~14--16,},
  pages =         {157--168},
  publisher =     {Association for Computing Machinery},
  title =         {Secure Multiparty Computation with General
                   Interaction Patterns},
  year =          {2016},
  doi =           {10.1145/2840728.2840760},
}

@inproceedings{C:GuoPasShi19,
  address =       {Santa Barbara, CA, USA},
  author =        {Yue Guo and Rafael Pass and Elaine Shi},
  booktitle =     {Advances in Cryptology -- {CRYPTO}~2019, Part~I},
  editor =        {Alexandra Boldyreva and Daniele Micciancio},
  month =         aug # {~18--22,},
  pages =         {499--529},
  publisher =     {Springer, Heidelberg, Germany},
  series =        {Lecture Notes in Computer Science},
  title =         {Synchronous, with a Chance of Partition Tolerance},
  volume =        {11692},
  year =          {2019},
  doi =           {10.1007/978-3-030-26948-7_18},
}

@inproceedings{ACNS:NorVee18,
  address =       {Leuven, Belgium},
  author =        {Peter Sebastian Nordholt and Meilof Veeningen},
  booktitle =     {ACNS 18: 16th International Conference on Applied
                   Cryptography and Network Security},
  editor =        {Bart Preneel and Frederik Vercauteren},
  month =         jul # {~2--4,},
  pages =         {321--339},
  publisher =     {Springer, Heidelberg, Germany},
  series =        {Lecture Notes in Computer Science},
  title =         {Minimising Communication in Honest-Majority {MPC} by
                   Batchwise Multiplication Verification},
  volume =        {10892},
  year =          {2018},
  doi =           {10.1007/978-3-319-93387-0_17},
}

@inproceedings{C:GLOPS21,
  address =       {Virtual Event},
  author =        {Vipul Goyal and Hanjun Li and Rafail Ostrovsky and
                   Antigoni Polychroniadou and Yifan Song},
  booktitle =     {Advances in Cryptology -- {CRYPTO}~2021, Part~II},
  editor =        {Tal Malkin and Chris Peikert},
  month =         aug # {~16--20,},
  pages =         {244--274},
  publisher =     {Springer, Heidelberg, Germany},
  series =        {Lecture Notes in Computer Science},
  title =         {{ATLAS}: Efficient and Scalable {MPC} in the Honest
                   Majority Setting},
  volume =        {12826},
  year =          {2021},
  doi =           {10.1007/978-3-030-84245-1_9},
}

@inproceedings{EC:CanKra01,
  address =       {Innsbruck, Austria},
  author =        {Ran Canetti and Hugo Krawczyk},
  booktitle =     {Advances in Cryptology -- {EUROCRYPT}~2001},
  editor =        {Birgit Pfitzmann},
  month =         may # {~6--10,},
  pages =         {453--474},
  publisher =     {Springer, Heidelberg, Germany},
  series =        {Lecture Notes in Computer Science},
  title =         {Analysis of Key-Exchange Protocols and Their Use for
                   Building Secure Channels},
  volume =        {2045},
  year =          {2001},
  doi =           {10.1007/3-540-44987-6_28},
}

@article{Shamir79,
  author =        {Adi Shamir},
  journal =       {Communications of the Association for Computing
                   Machinery},
  month =         nov,
  number =        {11},
  pages =         {612--613},
  title =         {How to Share a Secret},
  volume =        {22},
  year =          {1979},
}

@inproceedings{RSA:SmaWoo19,
  address =       {San Francisco, CA, USA},
  author =        {Nigel P. Smart and Tim Wood},
  booktitle =     {Topics in Cryptology -- CT-RSA~2019},
  editor =        {Mitsuru Matsui},
  month =         mar # {~4--8,},
  pages =         {210--229},
  publisher =     {Springer, Heidelberg, Germany},
  series =        {Lecture Notes in Computer Science},
  title =         {Error Detection in Monotone Span Programs with
                   Application to Communication-Efficient Multi-party
                   Computation},
  volume =        {11405},
  year =          {2019},
  doi =           {10.1007/978-3-030-12612-4_11},
}

@article{DifVanWie92,
  author =        {Whitfield Diffie and Paul C. {van Oorschot} and
                   Michael J. Wiener},
  journal =       {Designs, Codes and Cryptography},
  month =         jun,
  number =        {2},
  pages =         {107--125},
  title =         {Authentication and Authenticated Key Exchanges},
  volume =        {2},
  year =          {1992},
}

@misc{TLS13,
  author =        {Eric Rescorla},
  howpublished =  {IETF, RFC 8446},
  title =         {{The Transport Layer Security (TLS) Protocol Version
                   1.3}},
  note = {See \cite{SandP} for paper in IEEE S\&P},
  comment = {Note: The SandP reference does not exist and is not cited.},
  year =          {2018},
}

@inproceedings{TCC:CraDamIsh05,
  address =       {Cambridge, MA, USA},
  author =        {Ronald Cramer and Ivan Damg{\aa}rd and Yuval Ishai},
  booktitle =     {TCC~2005: 2nd Theory of Cryptography Conference},
  editor =        {Joe Kilian},
  month =         feb # {~10--12,},
  pages =         {342--362},
  publisher =     {Springer, Heidelberg, Germany},
  series =        {Lecture Notes in Computer Science},
  title =         {Share Conversion, Pseudorandom Secret-Sharing \&
                   Applications to Secure Computation},
  volume =        {3378},
  year =          {2005},
  note =          {We test percentages written as 80\% here},
  doi =           {10.1007/978-3-540-30576-7_19},
}

@inproceedings{CCS:LinNof17,
  address =       {Dallas, TX, USA},
  author =        {Yehuda Lindell and Ariel Nof},
  booktitle =     {ACM CCS 2017: 24th Conference on Computer and
                   Communications Security},
  editor =        {Bhavani M. Thuraisingham and David Evans and
                   Tal Malkin and Dongyan Xu},
  month =         oct # {~31~--~} # nov # {~2,},
  pages =         {259--276},
  publisher =     {{ACM} Press},
  title =         {A Framework for Constructing Fast {MPC} over
                   Arithmetic Circuits with Malicious Adversaries and an
                   Honest-Majority},
  year =          {2017},
  doi =           {10.1145/3133956.3133999},
}


