@article{turing,
 author={Alan M. Turing},
 title={Some calculations of the Riemann zeta-function},
 journal={Proc. London Math. Soc.},
 series={ser. 3},
 volume={vol. 3},
 year={1953},
 pages={99â€“117}
}